1858 2874
256 128 455 184 CARMINUM
473 129 497 183 1.
518 131 629 186 15-17.
808 131 841 188 17

113 245 173 298 Non
184 245 362 314 Dindymene,
374 261 428 298 non
439 245 528 314 adytis
540 247 629 316 quatit

113 313 233 368 Mentem
245 315 413 368 sacerdotum
424 315 511 368 incola
523 315 646 384 Pythius,

146 385 207 437 Non
220 383 299 438 Liber
311 401 392 452 nsque,
404 400 458 436 non
470 389 550 436 acuta

180 453 225 507 Sic
237 453 375 521 geminant
388 452 547 522 Corybantes
559 469 618 522 sere,

111 521 209 575 liistes
220 529 254 574 nt
265 523 319 589 irae,
332 539 397 590 quas
409 538 495 590 neque
506 522 617 575 Noricus

111 590 375 644 Deterretensisnec
386 607 458 644 mare
469 592 632 660 naufragum
806 595 840 650 10

146 660 203 714 Nec
215 677 300 713 saevus
312 660 381 728 ignis
393 677 441 712 nec
453 661 589 713 tremendo

180 729 200 782 J
201 747 221 781 u
239 730 290 782 iter
301 730 359 798 ipse
370 745 448 782 ruens
460 728 588 783 tumultu.

112 795 208 850 Fertur
219 746 401 865 i'rometheus,
413 797 510 850 addere
521 797 635 867 principi

110 865 185 920 Limo
197 872 304 920 coactus
316 866 475 936 perticulam
486 865 604 936 undique

142 936 290 1004 Desectam,
302 942 330 990 et
341 936 428 989 insani
440 935 523 988 leonis

177 1005 241 1058 Vim
253 1005 387 1058 stomacho
399 1004 549 1074 apposuisse
560 1009 656 1060 nostro.

111 1073 162 1127 Irae
174 1073 307 1143 Thyesten
319 1074 401 1128 exitio
457 1073 485 1126 vi

109 1143 229 1197 stravere
240 1149 268 1196 et
279 1143 341 1197 altis
353 1143 413 1196 urbi
431 1159 462 1194 us
474 1141 576 1196 ultimos

142 1211 244 1266 Stetere
255 1229 347 1281 causae,
360 1228 407 1264 cur
418 1211 535 1281 perirent

177 1281 312 1334 Funditus
323 1281 537 1364 imprimeretque
549 1280 631 1334 muris
800 1285 836 1336 20

109 1349 213 1404 Hostile
224 1356 342 1404 aratrum
355 1349 486 1404 exercitus
497 1350 620 1402 msolens.

107 1419 248 1488 Compesce
259 1421 376 1474 mentem
385 1438 393 1483 ;
410 1436 453 1472 me
465 1435 570 1488 quoque
581 1418 696 1490 pectoris

141 1488 267 1542 lentavit
278 1488 308 1540 in
319 1488 391 1541 dulci
400 1489 514 1556 juventa

176 1557 274 1612 Feruor
286 1562 313 1610 et
324 1558 354 1610 in
365 1558 461 1610 celeres
473 1555 572 1610 iambos

105 1623 182 1678 Misit
194 1626 334 1679 fruentem.
370 1626 450 1678 Nunc
462 1642 510 1694 ego
522 1625 632 1680 mitibus

105 1693 213 1748 Mutare
225 1711 313 1763 quaero
325 1695 421 1761 tristia,
434 1694 499 1748 dum
510 1695 578 1749 mihi

139 1763 202 1816 ilias
214 1763 358 1818 recantatis
369 1763 455 1816 amica

175 1831 328 1902 Opprobriis
340 1833 512 1902 animumque
522 1833 625 1888 reddas.

158 2037 308 2094 GARMEN
326 2036 494 2092 XVIL-sn
506 2049 705 2091 insomniis.

100 2179 200 2233 Venox
211 2196 346 2234 amoenum
358 2197 427 2251 ssepc
438 2176 598 2232 Lucretilem

99 2249 196 2302 Mutat
208 2249 229 2301 L
248 2266 303 2303 caeo
314 2247 431 2313 Faunus,
443 2253 471 2300 et
483 2247 588 2314 igneam

136 2267 264 2370 Defendit
276 2323 396 2371 aestatem
408 2315 517 2384 capellis

170 2385 261 2454 Usque
271 2387 337 2439 meis
349 2386 506 2456 pluviosque
517 2387 615 2438 ventos

100 2455 220 2522 Impune
231 2458 322 2508 tutum
334 2472 381 2523 per
392 2469 485 2507 nemus
497 2451 604 2505 arbutos

99 2523 232 2589 Quterunt
243 2523 357 2577 latentes
368 2527 396 2575 et
407 2522 501 2602 thyma
513 2519 596 2571 devise

136 2590 239 2646 Olentis
251 2608 347 2644 uxores
358 2591 455 2655 mariti,

171 2659 228 2715 Nec
240 2660 338 2715 virides
349 2659 475 2711 metuunt
487 2651 614 2714 colubras,

66 2745 129 2784 ROB.
426 2739 441 2776 0
