1866 2874
308 105 516 158 euninunuu
536 105 559 157 1.
578 88 629 156 2(
762 161 765 168 ,
808 104 857 155 131

22 183 27 218 ¹
92 195 224 258 inmiscere.
258 201 314 254 'l'uo
325 201 391 254 vitio
402 219 523 254 rerumne
535 202 642 270 luboree,

90 266 124 320 Nil
134 271 219 324 referre
231 270 327 339 puteel
347 271 438 335 Quare,
450 288 484 322 ne
495 273 623 338 poeniteet
635 277 668 339 te,

90 334 166 391 Deine
175 347 308 391 matronae
320 339 449 404 eecterier,
463 340 532 390 unde
544 339 638 392 laboris

90 402 138 458 Plue
148 408 249 460 haurire
260 408 325 458 meli
337 413 377 458 est
389 422 467 475 quam
480 425 513 459 ex
525 425 553 459 re
565 409 702 476 decerpere
714 409 823 462 fluctu.

89 471 131 526 llec
140 477 219 544 magis
231 475 294 528 huic
305 475 375 527 inter
386 477 475 527 niveos
487 477 634 544 viridesque
645 478 749 545 lapillos
760 509 796 518 —
822 481 856 530 80

22 613 23 620 ¹
88 543 147 596 -Sit
161 545 221 597 licet
237 545 294 611 hoc,
307 545 437 612 Cerintho,
452 551 701 599 tuum—tenerum
718 554 757 600 est
771 549 858 600 femur

142 622 185 665 eut
197 630 256 664 crue

87 676 191 746 Rectiue3
209 689 290 748 atque
303 681 384 734 etiem
395 680 489 732 melius
502 699 615 751 persaepe
627 689 724 750 togatae
736 694 783 738 eet.

86 747 146 801 Adde
157 751 215 816 hue,
228 749 299 818 quod
310 767 423 802 mercem
435 750 491 801 eine
503 750 569 802 fucis
581 758 674 819 gestat,
688 759 777 820 aperte

86 815 149 875 Quod
159 820 251 871 venale
264 818 344 870 habet
356 819 477 884 ostendit,
489 837 545 886 nec,
559 821 580 872 ei
593 821 657 889 quid
669 821 773 873 honesti
784 828 831 888 eet,

85 883 162 939 Jectat
173 888 305 956 habetque
317 888 412 956 pelam,
425 888 519 954 quaerit
532 906 583 956 quo
596 890 684 958 turpia
696 890 769 943 celet.

84 951 185 1022 Regibus
197 957 241 1009 hic
253 974 308 1008 mee
321 963 368 1016 eet.
380 956 425 1009 ubi
437 973 516 1025 equoe
527 966 688 1010 mercentur:
707 965 809 1029 opertos

83 1020 227 1092 Inspiciunt,
239 1041 280 1090 ne,
294 1025 315 1076 ei
327 1025 413 1091 facies,
426 1031 457 1078 ut
469 1042 546 1093 eaepe‚
559 1026 651 1080 decore

83 1089 146 1144 Molli
157 1095 227 1146 fulta
238 1094 305 1162 pede
317 1100 364 1160 est,
376 1101 519 1162 emptorem
530 1094 639 1148 inducet
651 1096 776 1162 hiantem,

83 1159 146 1222 Quot
157 1163 274 1230 pulchrae
288 1163 384 1230 clunes,
397 1162 474 1215 breve
486 1162 555 1230 quod
567 1169 655 1232 ceput,
667 1163 749 1216 ardue
760 1164 857 1216 cervix.

83 1225 131 1280 Hoc
141 1231 180 1282 illi
192 1238 277 1283 recte:
295 1248 329 1283 ne
341 1231 453 1300 corperis
465 1231 565 1299 optimu
576 1232 674 1300 Lyncei
823 1233 859 1286 90

83 1296 251 1368 Contemplere
263 1299 351 1366 oculis,
365 1300 480 1368 Hypeaee
491 1301 582 1352 caecior
593 1301 647 1366 ille,

82 1363 136 1426 Quae
147 1365 219 1418 melu
231 1373 318 1419 eunte
366 1372 412 1419 tes.
431 1368 475 1421 “0
488 1384 547 1420 crue
559 1371 565 1422 Ι
585 1363 750 1419 obruetur*
768 1382 860 1418 verum

81 1428 196 1500 Depugie,
208 1438 311 1498 nasute,
341 1432 396 1484 reri
408 1432 489 1485 lutere
501 1449 532 1485 ee
544 1433 609 1501 pede
621 1433 699 1501 lengo
711 1438 757 1486 eet.

22 1529 23 1560 3
81 1496 200 1553 Metronee
213 1506 309 1570 praeter
320 1501 414 1552 faciem
425 1501 465 1552 nil
477 1517 581 1553 cernere
593 1502 682 1568 poesis,

22 1577 23 1620 ς
80 1565 170 1636 Cetera,
181 1570 213 1622 ni
225 1569 301 1622 Catia
312 1573 358 1634 est,
372 1568 483 1620 demisse
494 1574 567 1620 reete
578 1571 698 1637 tegentis.

79 1634 102 1688 si
112 1639 254 1690 interdicte
265 1643 346 1705 petes,
357 1637 427 1689 vallo
439 1637 600 1690 circumdate
611 1667 647 1676 —
657 1656 719 1690 nem
731 1643 759 1692 te

78 1703 129 1758 Hoc
140 1707 207 1759 fucit
219 1708 343 1758 insenum
353 1734 396 1772 —,
408 1707 499 1758 multae
512 1705 561 1757 tibi
573 1711 631 1758 tum
643 1708 772 1759 efficienti
784 1725 832 1775 ree,

78 1773 206 1842 Grutodee,
218 1775 319 1841 lectica,
333 1774 472 1840 ciniflones,
485 1775 613 1842 paresitae,

76 1841 114 1894 Ae
126 1845 194 1896 telee
207 1844 274 1896 stole
286 1845 397 1896 demisse
409 1850 435 1895 et
448 1843 608 1895 circumdata
620 1843 698 1910 pelle,

76 1908 198 1979 Plurima,
210 1929 269 1980 quae
281 1913 418 1964 invideant
430 1929 494 1980 pure
506 1929 629 1980 apparere
642 1912 690 1963 tibi
702 1928 764 1965 rem.
810 1915 859 1964 100

76 1978 170 2048 Altera,
183 1981 223 2032 nil
235 1981 334 2042 obetnt3
352 1981 409 2032 Cois
422 1980 470 2032 tibi
482 1997 557 2048 paene
569 1980 656 2032 videre
669 1986 709 2032 est

76 2045 110 2100 Ut
120 2051 229 2116 nudam,
242 2067 276 2102 ne
287 2067 362 2101 crure
373 2048 450 2116 mulo,
462 2066 495 2100 ne
508 2049 542 2101 eit
554 2049 619 2116 pede
631 2049 717 2117 turpi;

76 2113 163 2170 Metiri
176 2118 257 2185 possis
270 2118 345 2170 oculo
357 2117 433 2170 letus.
468 2117 511 2168 An
523 2117 573 2169 tibi
583 2117 667 2170 mavis

76 2181 187 2239 Insidias
197 2187 256 2238 fieri
267 2187 432 2254 pretiumque
444 2185 550 2238 avellier
561 2190 624 2238 unte

77 2255 159 2320 Quem
170 2275 284 2311 mercem
296 2257 418 2310 ostendii
454 2256 600 2322 “Leporem
612 2260 720 2307 venator
730 2266 762 2308 ut
773 2255 829 2310 ulte

76 2323 106 2378 In
117 2327 181 2380 nive
194 2331 314 2391 sectetur,
326 2326 443 2394 positum
455 2325 491 2375 eie
503 2329 610 2389 tangere
621 2323 714 2378 nolit.”

76 2393 171 2448 (lentat
183 2402 211 2447 et
223 2395 340 2462 apponit,
353 2395 367 2421 “
375 2395 451 2446 Meus
463 2397 502 2442 est
513 2408 586 2442 amor
598 2390 660 2442 huic
672 2392 763 2442 similis
776 2409 782 2452 ;
799 2407 862 2442 nem

78 2461 235 2516 transvolet
246 2463 275 2514 in
286 2462 372 2514 medio
384 2462 470 2526 posite
481 2463 508 2508 et
520 2459 650 2524 fugientiu
662 2455 827 2522 captat.''-.

73 2526 185 2584 Hiecine
198 2531 332 2586 versiculis
342 2547 429 2599 sperus
441 2529 490 2579 tibi
502 2546 575 2596 posse
587 2530 686 2581 delores

413 2613 422 2640 Ι·
437 2614 529 2653 officiunt
