1866 2874
293 99 504 154 sirmiensi
524 103 546 155 1.
564 107 588 169 a,
607 107 631 155 s.
804 114 854 163 iss

70 198 151 266 Usque
163 201 197 254 ad
206 201 278 254 mala
289 203 383 254 citaret
388 203 401 266 ¹,
414 205 429 231 “
437 204 467 256 Io
479 203 582 256 Bacche
592 208 616 256 !'’
633 202 711 256 modo
723 220 826 259 summa

70 264 141 333 Voce,
153 269 231 319 modo
244 269 301 334 heo,
313 275 418 321 resonet
430 287 488 337 quae
500 271 603 323 chordis
616 278 739 338 quattuor
750 279 812 326 lma.

69 334 110 386 Nil
121 337 222 404 aequale
235 337 335 388 homini
347 339 400 390 fuit
413 339 469 401 illi;
487 356 556 407 ssepo
568 341 642 393 velut
655 341 700 408 qui

10 419 12 426 ’
69 403 190 456 Currebst
201 406 307 472 fugiens
320 407 428 468 hostem,
442 425 557 475 persaepe
569 409 643 460 velut
655 410 701 476 qui
826 415 859 464 10

69 471 177 525 Junonis
191 491 265 525 secra
277 475 371 527 ferret:
390 475 503 528 habebat
515 494 584 545 serpe
596 477 729 544 ducentos,

69 539 136 608 Saepe
148 542 239 594 decem
252 559 352 606 servos;
370 544 447 596 modo
458 561 532 613 reges
544 553 626 614 atque
638 547 789 614 tetrarchas,

69 609 398 678 Omniamagne,loquens;
415 613 505 666 modo:
525 615 565 666 Sit
573 616 735 668 mihimensa
744 618 858 686 tripesst

69 677 167 730 Concha
179 681 241 731 salis
253 681 314 747 puri
327 688 354 732 et
366 689 435 749 toga,
447 699 506 750 que
519 683 657 735 defendere
669 686 753 751 frigus

69 746 187 809 Quamvis
199 766 286 800 crassa
299 757 385 816 queat.
422 752 514 804 Decies
527 761 637 804 centena
649 753 763 806 dedisses

69 814 135 866 Huic
148 834 225 884 parco
240 819 331 884 paucis
343 824 474 886 contento,
487 821 551 886 quin
570 838 604 872 ue
617 821 709 872 diebus

67 882 108 935 Nil
120 893 177 937 erat
190 887 218 937 in
230 886 331 940 loculis.
366 889 463 940 Noctes
476 889 558 955 vigila
593 896 605 940 t
617 891 650 941 ad
663 891 752 956 ipsum

67 950 150 1018 Mane,
162 955 232 1006 diem
245 961 332 1006 totum
345 957 485 1018 stertebst;
503 957 542 1007 nil
554 958 607 1008 fuit
619 975 735 1024 unquam

68 1022 107 1074 Sic
119 1024 204 1090 impar
216 1023 273 1075 sibi.
309 1023 387 1074 Nunc
400 1024 494 1091 aliquis
506 1025 578 1075 dicat
589 1025 663 1090 mihi,
676 1028 689 1054 “
698 1025 768 1087 Quid
780 1032 810 1076 tu
822 1026 831 1072 2

67 1087 176 1142 Nullane
186 1091 265 1142 habes
273 1091 375 1142 vitial''
396 1092 479 1144 Immo
487 1092 539 1143 slis
547 1092 688 1143 etsortssse
695 1093 803 1143 minora,
816 1096 850 1142 ΞΟ

67 1155 175 1210 Maenius
186 1159 320 1210 absentem
336 1161 450 1211 Novium
463 1177 544 1227 quum
553 1167 677 1226 carperet,
690 1160 786 1211 “Heus
796 1161 850 1221 tu,”

68 1225 175 1288 Quidam
188 1229 233 1288 ait
247 1230 261 1255 “
270 1229 373 1293 ignoras
386 1229 431 1280 tel
450 1246 484 1280 an
498 1234 527 1280 ut
540 1228 661 1294 ignotum
674 1225 735 1278 dore
747 1226 822 1278 nobis

68 1293 148 1347 Verba
160 1303 238 1363 putas
248 1295 278 1346 l’‘
297 1297 430 1363 “Egomet
441 1297 477 1347 mi
491 1293 620 1362 ignosco‚''
631 1294 745 1345 Maenius
757 1295 851 1374 inquit.

66 1359 165 1414 Stultus
177 1369 204 1414 et
216 1361 349 1429 improbus
363 1364 405 1414 hic
417 1380 489 1414 amor
501 1370 540 1414 est
553 1364 699 1428 dignusque
711 1367 803 1414 notan

9 1463 10 1472 ι
66 1430 149 1492 Quum
161 1438 209 1483 tua
221 1431 381 1498 pervideas¹¹²
393 1431 474 1482 oculis
486 1431 557 1482 mala
569 1431 657 1498 lippus
668 1430 792 1491 inunctis,

65 1497 112 1551 Cur
124 1500 151 1550 in
164 1501 309 1552 amicorum
321 1501 393 1551 vitiis
405 1506 461 1551 tam
473 1501 556 1551 cernis
569 1506 685 1563 scutum,

9 1595 10 1630 3
65 1565 646 1636 QuamautaquilaeutserpensEpidauriusl
665 1567 854 1622 Attibioontra

9 1633 11 1688 7
64 1633 164 1700 Evenit,
177 1638 314 1704 inquirant
327 1638 393 1688 vitis
405 1644 436 1688 ut
448 1644 496 1688 tus
508 1654 598 1688 rursus
610 1644 637 1687 et
649 1636 696 1689 illi.

64 1702 216 1757 iracundior
228 1713 268 1758 est
281 1706 376 1772 paullo,
389 1707 476 1756 minus
489 1713 567 1772 aptus
579 1706 665 1757 acutis

63 1771 174 1825 Naribus
187 1775 281 1826 horum
293 1775 444 1836 hominum
463 1775 542 1825 rideri
573 1775 643 1838 ossit,
656 1791 686 1826 eo
699 1773 771 1841 quod
817 1776 851 1826 30

65 1839 194 1894 Rusticius
207 1850 282 1895 tonso
295 1851 356 1909 toga
369 1843 461 1894 defluit
473 1850 500 1894 et
512 1791 580 1894 mele
593 1842 669 1894 laxus

63 1907 94 1960 In
106 1912 171 1978 pede
183 1912 286 1963 oeloeus
299 1911 394 1964 haeret:
413 1919 441 1962 at
454 1920 493 1963 est
506 1911 596 1976 bonus,
609 1918 640 1963 ut
652 1909 744 1962 melior
755 1911 797 1962 vir

62 1975 119 2030 Non
128 1980 196 2032 alius
206 1981 352 2048 quisquam,
360 1988 389 2032 at
403 1981 451 2032 tibi
460 1981 567 2044 amicus,
577 1986 605 2032 at
612 1980 749 2046 ingenium
758 1980 851 2047 ingens

61 2045 165 2100 Inculto
177 2049 245 2101 latet
257 2049 306 2100 hoc
318 2049 367 2100 sub
380 2067 491 2117 corpore.
527 2049 648 2115 Denique
661 2056 687 2100 te
700 2049 788 2116 ipsum

61 2113 182 2182 concute,
195 2135 260 2169 num
273 2135 326 2184 qua
338 2118 387 2169 tibi
400 2119 523 2170 vitiorum
536 2118 660 2169 inseverit
672 2117 735 2170 olim

58 2181 162 2238 Natura
174 2193 221 2238 aut
233 2187 313 2238 etism
327 2187 487 2238 consuetudo
500 2187 586 2248 mala;
604 2203 718 2254 namque

59 2251 192 2319 Neglectis
204 2255 306 2306 urenda
317 2255 375 2306 filix
387 2256 533 2310 innascitur
544 2255 621 2322 agris.

59 2320 128 2373 Hlue
139 2330 335 2390 praevertemur,
347 2331 489 2376 amatorem
501 2324 571 2390 quod
583 2324 674 2376 amice

57 2387 157 2458 'l'urpia
169 2392 305 2459 decipiunt
317 2409 415 2444 cacum
428 2393 499 2457 vitia,
512 2399 560 2443 sut
572 2393 652 2444 etism
665 2392 721 2460 ipss
733 2393 789 2446 haeo

56 2457 206 2526 Delectant,
219 2461 302 2512 veluti
315 2460 456 2512 Balbinum
468 2461 579 2528 polypus
593 2461 702 2526 Hsgnae.
814 2462 848 2509 40

57 2525 162 2580 Vellem
173 2529 203 2580 in
214 2529 332 2582 amicitia
344 2529 381 2580 sic
392 2545 537 2580 erraremus
550 2533 576 2578 et
587 2528 633 2577 isti

172 2612 179 2647 l
188 2615 275 2653 iteraret
598 2618 613 2638 '¹
626 2610 739 2654 vrfflidw
