1908 2886
159 115 211 166 240
491 123 643 178 HORA'lII

153 222 230 278 Tibia
241 241 301 292 non,
312 229 345 278 ut
355 243 434 294 nune,
446 225 574 280 orichalco
586 227 676 282 vincta
687 227 808 297 tubeque

155 293 268 362 AEmule,
281 295 325 346 sad
337 296 423 347 tenuis
435 297 596 366 simplexque
607 298 734 351 foramine
747 315 830 366 pauco

157 362 297 431 Adspirate
308 369 336 416 et
347 365 435 416 adesse
447 366 532 418 choris
544 372 600 418 erat
611 366 686 419 utilis
698 373 777 435 atque

155 431 278 484 Nondum
290 433 372 501 spissa
383 434 461 486 nimis
473 435 600 556 complere
613 435 704 489 sedilia
715 436 796 500 ilatu3

157 501 213 566 Quo
224 518 286 554 sane
298 503 411 570 populus
423 519 532 558 numera
549 503 591 556 ilis
603 511 696 573 utpote
708 521 804 573 parvus

155 569 191 622 Et
201 569 272 639 frugi
283 579 420 640 cantusque
432 573 643 642 verecundusque
655 573 753 627 coibat

157 639 299 708 Postquam
311 641 391 710 coepit
402 658 478 709 agros
490 643 630 696 extendere
641 643 725 696 vietor
736 649 764 696 et
775 641 850 696 urbes
952 645 953 715 ζ

155 709 245 762 latior
256 709 379 778 amplecti
391 728 481 763 murus
493 712 605 780 vinoque
617 712 713 766 diurno

156 776 259 831 Placari
272 779 369 832 (lenius
380 780 454 832 festis
466 780 573 849 impune
585 781 683 848 diebus,
892 785 953 836 210

155 846 273 900 Accessit
283 849 450 916 numerisque
460 850 595 919 modisque
606 850 713 904 licentia
723 851 821 919 mojor;
952 855 953 866 ¹

155 915 282 970 l'ndoetus
293 917 357 984 quid
369 917 438 970 enim
451 926 553 988 superet
564 919 616 972 libe
647 937 681 972 ue
693 919 810 973 laborum

156 985 279 1038 Rusticus
291 985 390 1039 urbano
402 987 533 1054 confusus,
546 989 631 1070 turpis
662 988 769 1042 onestol

155 1053 199 1108 Sic
211 1055 302 1124 priscae
312 1063 466 1125 motumque
477 1064 505 1111 et
516 1057 646 1110 luxurrem
659 1058 762 1111 addidit
774 1056 826 1112 arti

154 1122 262 1176 tibicen
274 1125 407 1193 traxitque
419 1143 501 1194 vagus
512 1136 559 1195 per
570 1127 675 1196 pulpita
686 1134 801 1191 vestem

154 1191 199 1246 Sic
210 1193 290 1246 etiam
301 1193 398 1248 fidibus
409 1212 483 1248 voces
495 1213 598 1248 crevere
611 1197 705 1250 severis

155 1261 192 1315 Et
203 1261 268 1315 tulit
279 1263 411 1332 eloquium
422 1264 556 1317 insolitum
568 1265 692 1319 fecundia
704 1281 828 1335 praecepa

156 1330 321 1400 Utiliumque
332 1349 413 1400 sagax
425 1351 512 1386 rerum
524 1340 551 1386 et
563 1335 653 1388 divina
666 1335 751 1388 futuri

156 1398 290 1469 Sortilegis
301 1418 354 1454 non
366 1403 509 1472 discrepuit
521 1403 651 1456 sententia
662 1404 779 1472 Delphis.

156 1470 280 1524 Carmine
292 1472 339 1538 qui
350 1473 450 1540 tragico
461 1473 540 1525 vilem
553 1473 663 1526 certavit
674 1473 707 1526 ob
719 1473 834 1540 hircum,
897 1473 945 1524 220

155 1537 221 1594 Mox
233 1540 313 1592 etiem
325 1547 438 1608 agrestes
451 1541 556 1610 Satyros
569 1543 681 1595 nudavit
693 1549 720 1595 et
732 1560 808 1612 asper

156 1607 286 1662 lncolunri
297 1610 428 1677 gravitete
437 1613 527 1680 jocum
538 1611 653 1665 tentavit
665 1630 703 1680 eo,
715 1612 786 1735 quod

156 1675 289 1730 illecebris
301 1684 358 1731 erat
370 1685 397 1732 et
409 1686 485 1748 grota
496 1681 615 1734 novitate
626 1699 718 1734 moran
737 1699 768 1734 us

156 1744 175 1800 S
223 1752 293 1799 tator
303 1748 463 1818 functusque
475 1750 554 1803 sacris
566 1757 683 1872 etpotm
695 1757 723 1804 et
735 1751 822 1806 exlex.

182 1833 255 1869 erum
266 1816 305 1869 ita
316 1817 415 1884 risores,
428 1818 467 1872 ita
479 1837 597 1873 commen
616 1838 660 1873 ere
671 1821 773 1874 dicaces

158 1885 300 1939 Conveniet
312 1885 425 1956 Satyros,
437 1889 476 1941 ita
488 1895 588 1942 vertere
601 1890 667 1942 seria
678 1890 749 1956 ludo,

158 1955 198 2008 Ne
210 1955 358 2025 quicunque
369 1957 448 2024 Deus,
461 1959 611 2028 quicunque
623 1958 792 2012 adhibebitur
803 1958 893 2024 heros,

160 2024 251 2094 Regali
263 2031 416 2146 conspectus
428 2027 457 2079 in
469 2045 533 2080 euro
545 2046 630 2097 nuper
640 2034 668 2081 et
679 2034 756 2094 ostro,

159 2093 256 2162 Migret
268 2095 297 2147 in
308 2112 323 2146 0
342 2113 430 2148 scuras
442 2095 538 2148 humili
551 2115 667 2150 sermone
679 2098 809 2163 tabernas,

159 2164 220 2231 Aut,
233 2164 298 2217 dum
309 2164 377 2218 vitat
389 2165 509 2232 humum,
520 2165 603 2220 nubes
615 2174 642 2219 et
653 2166 744 2220 inania
755 2169 849 2236 captet
903 2162 950 2214 23⁰

159 2232 270 2286 liffutire
281 2234 351 2288 leves
363 2235 473 2304 indigna
485 2235 623 2304 Tregoedis
634 2253 730 2303 versus,

159 2302 196 2354 Ut
207 2303 281 2356 festis
292 2310 413 2359 matrona
424 2305 523 2359 moveri
531 2307 606 2374 jussa
617 2305 716 2371 diebus,

159 2369 282 2425 intererit
294 2372 394 2442 Satyris
406 2373 526 2444 paullum
538 2374 692 2444 pudibunde
701 2373 843 2456 protervis·

158 2438 219 2492 Non
230 2457 278 2508 ego
289 2442 412 2496 inornate
423 2449 451 2496 et
462 2444 627 2497 dominantia
637 2460 746 2497 nonunt
759 2442 849 2496 solum

160 2505 304 2576 Verbaque,
316 2510 430 2580 Pisones,
442 2512 489 2566 Sat
535 2531 595 2566 rum
607 2513 717 2581 scriptor
728 2512 839 2578 amtb03

160 2573 215 2625 Nee
227 2575 264 2626 sic
276 2576 362 2628 enitar
373 2580 472 2646 tragico
504 2581 510 2594 '
532 2599 587 2634 erre
599 2581 685 2649 colori,

160 2639 199 2692 Ut
209 2640 277 2692 nihil
288 2641 399 2712 intersit,
411 2647 535 2703 Davusne
546 2649 669 2718 loquetur
681 2655 708 2704 et
719 2649 811 2704 eudax
