1908 2886
103 114 155 164 210
423 116 575 169 nouum

103 217 155 270 Sed
168 216 240 271 videt
251 219 322 271 hunc
335 218 419 270 omnis
431 217 523 270 domus
534 222 562 269 et
573 216 670 268 vicinia
682 220 738 268 tou

105 288 249 340 introrsum
262 297 372 354 turpem,
385 287 530 356 speciosum
541 286 609 354 pelle
621 286 720 338 decore

103 359 116 380 ‘⁴
127 355 150 406 N
152 373 180 406 ec
193 357 295 408 furtum
306 356 358 408 feei
369 374 417 409 nee
429 357 510 425 iugi,‘'
524 357 546 409 si
557 355 623 408 mibi
636 355 708 406 dieat

102 423 203 487 Servus,
217 424 327 478 “Hebes
339 427 461 494 pretium,
473 426 534 478 loris
545 442 598 477 uon
610 421 716 489 ureris,'’
728 421 778 475 aio.

102 494 116 520 “
125 493 150 544 N
151 511 184 545 on
194 492 326 546 hominem
335 496 441 547 oocidi.”
460 497 474 523 ‘¹
484 495 544 548 Nou
553 510 643 562 pesoes
654 493 684 545 in
693 509 769 544 eruoe
775 488 896 542 corvos.’'

101 563 117 589 “
125 562 190 614 Sum
201 561 284 616 bouus
296 569 323 616 et
335 562 430 633 bug?
466 563 567 616 Reuuit
578 563 733 631 negitatque
745 559 866 612 Sabellus
879 576 886 608 τ

102 627 201 682 Cautus
213 632 284 682 enim
296 634 392 684 metuit
403 632 506 683 foveam
518 629 605 698 lupus,
617 630 792 696 accipiterque
864 629 902 678 50

101 697 241 768 Surpeetos
252 699 365 767 laqueos,
378 705 405 754 et
416 705 536 768 opertum
547 697 647 750 miluus
658 698 774 750 hemum.

102 764 221 819 Oderunt
231 783 338 836 peceare
348 765 411 818 boni
422 766 528 819 virtutis
540 781 641 828 emore3

100 832 141 886 Tu
153 835 221 888 nihil
232 836 356 888 admittes
368 835 397 887 in
408 840 434 888 te
446 835 584 888 formidine
596 849 693 903 pmnae:

100 901 141 956 Sit
154 921 211 973 spes
222 903 339 970 fallendi,
351 904 471 956 miscebis
483 921 555 956 soors
566 902 683 972 profanis
689 921 698 967 ;

100 970 169 1024 Nem
181 974 213 1025 de
224 973 297 1026 mille
308 973 375 1026 fabe
387 973 480 1026 modiis
492 990 573 1041 quum
585 972 694 1093 surripis
706 989 797 1040 unum,

98 1039 232 1094 Damnum
243 1048 290 1106 est,
302 1042 476 1108 musacium,
488 1041 554 1095 mihi
565 1048 642 1110 petto
664 1040 738 1094 euius
749 1041 808 1094 isto.

99 1107 147 1161 Vir
158 1109 249 1177 bonus
258 1127 333 1164 omne
343 1111 429 1164 forum
441 1128 518 1180 quem
528 1117 629 1180 spectet
637 1117 665 1163 et
673 1127 749 1162 omne
758 1109 887 1174 tribuual,

98 1177 314 1249 Quandocumque
326 1181 394 1233 Deos
405 1181 448 1234 rel
459 1198 536 1248 porco
548 1181 590 1234 vel
602 1179 665 1232 bove
677 1179 772 1247 placet,
939 1175 940 1206 ¹

99 1246 115 1273 ‘⁴
124 1247 194 1300 June
206 1247 305 1317 peter‚”
318 1248 394 1315 olere,
407 1247 475 1300 olere
488 1266 571 1318 quum
583 1248 659 1316 dixit,
672 1250 687 1277 “
696 1250 815 1318 Apollo‚'’

100 1314 186 1370 Imbro
197 1325 285 1372 movet
297 1325 414 1371 metuens
426 1318 520 1384 audiri,
532 1319 548 1346 “
557 1318 672 1372 Pulchre
684 1319 810 1386 hveme„
858 1325 893 1376 60

97 1383 140 1437 De
151 1386 217 1438 mihi
228 1385 326 1453 fellere,
339 1384 373 1438 de
381 1387 454 1454 justo
467 1390 607 1452 sanctoque
619 1385 708 1449 videri,

96 1451 208 1506 Noctem
219 1455 332 1523 peccetis
344 1461 370 1507 et
382 1453 518 1506 fraudibus
530 1453 612 1522 objice
623 1452 720 1506 nubem
727 1457 752 1508 !”

97 1521 149 1585 Qui
162 1523 253 1575 melior
264 1540 344 1590 servo,
356 1522 403 1592 qui
415 1523 519 1576 liberior
530 1523 564 1576 sit
576 1538 678 1590 evenis,

97 1590 129 1643 In
142 1591 226 1643 triviis
238 1592 321 1643 fixum
333 1609 414 1661 quum
425 1609 452 1644 se
464 1591 581 1645 demittit
591 1591 624 1644 ob
636 1607 726 1658 essem,

95 1658 156 1712 Non
168 1660 257 1724 vide0;
274 1678 337 1712 nem
348 1661 394 1729 qui
406 1661 501 1730 cupiet,
513 1666 613 1713 metuet
626 1677 742 1728 quoque;
760 1678 844 1730 porro,

96 1728 148 1792 Qui
159 1737 277 1781 metuens
290 1730 368 1795 vivet,
379 1729 446 1782 liber
456 1730 523 1782 mihi
534 1747 587 1782 uon
599 1730 649 1782 erit
660 1747 784 1798 unquam.

95 1795 215 1851 Perdidit
226 1816 305 1866 arma,
317 1798 404 1851 locum
415 1799 521 1852 virtutis
532 1799 654 1866 deseruit,
667 1799 713 1867 qui

95 1865 201 1936 Semper
213 1867 241 1920 in
253 1867 373 1935 augenda
384 1867 493 1920 festinet
505 1875 532 1920 et
544 1867 662 1920 obruitur
673 1885 708 1920 re.

96 1933 214 1989 Vendere
226 1954 307 2018 quum
319 1935 400 2005 possis
412 1936 552 2005 captivum,
565 1936 680 1990 occidere
693 1935 761 2000 noli3

94 2001 195 2059 serviet
207 2006 321 2058 utiliter:
341 2005 396 2057 sine
408 2011 497 2074 pascet
510 2006 590 2057 durus
602 2012 717 2073 aretque,
846 2007 882 2062 70

93 2071 208 2142 Naviget
220 2091 251 2127 eo
263 2073 354 2126 mediis
367 2073 464 2127 hiemet
476 2075 643 2127 mercatoria
657 2075 733 2127 undis
740 2093 748 2139 ;

93 2139 211 2195 Annouee
223 2143 319 2211 prosit;
337 2148 422 2224 portet
433 2143 566 2195 frumenta
578 2160 718 2211 penusque

92 2209 142 2264 vu
152 2211 236 2264 bonus
248 2217 276 2264 et
288 2228 391 2280 sepiens
403 2210 511 2264 audebit
523 2210 616 2279 dicere,
628 2213 643 2239 “
652 2211 781 2281 Pentheu,

93 2279 358 2342 tenerrimarum,
370 2280 434 2349 quid
446 2297 488 2332 me
500 2282 613 2350 perferre
625 2283 734 2373 potique
802 2283 881 2351 [rem

93 2345 241 2414 Indignum
253 2364 328 2414 coges
338 2348 364 2401 i'’
383 2349 528 2403 “Adimem
540 2349 624 2404 bonu’
659 2351 781 2422 “Nempe
793 2371 882 2422 pecus,

94 2415 195 2480 Iectos,
207 2423 362 2480 argentum:
381 2419 457 2471 tofles
470 2419 557 2472 licet.''
593 2422 607 2447 “
616 2421 650 2473 In
663 2422 772 2475 menicis
784 2432 812 2476 et

95 2481 268 2548 Compedibus
280 2499 346 2534 saevo
359 2491 385 2536 te
394 2486 442 2538 sub
455 2489 562 2541 custode
574 2489 690 2544 tenebo.”

97 2550 112 2577 ⁴⁶
124 2549 184 2616 lpse
196 2549 275 2624 Deus,
287 2549 366 2626 simul
378 2559 456 2620 atque
470 2558 564 2624 volem,
577 2576 618 2611 me
630 2558 737 2611 solvet.‘¹
774 2560 883 2630 Opinor,

97 2611 156 2665 Hoc
168 2618 263 2665 sentit:
286 2613 404 2682 Mortem
423 2637 491 2674 mors
503 2624 599 2680 ultime
611 2626 681 2680 lineo.
692 2646 779 2682 rerum
791 2641 839 2683 est.
