1908 2886
143 167 194 220 242
452 166 608 220 llOllA'lll

138 271 350 341 [legitimumque
362 290 455 326 sonum
467 273 559 340 digitis
573 272 697 324 callemus
709 282 736 325 et
749 289 818 325 aure.

139 341 264 408 Ignotum
278 344 382 410 tragica
394 358 477 409 genus
490 342 619 394 invenisse
632 343 750 394 (lamense

138 410 243 463 Dicitur
255 419 282 464 et
294 412 418 480 plaustris
430 412 530 463 vexisse
543 413 665 479 poemata
678 411 792 479 Thespis,

138 480 202 543 Quae
215 487 337 532 canerent
349 489 507 548 agerentque
520 481 639 548 peruncti
650 481 757 532 faecibus
769 497 820 532 ora.

138 547 201 600 Post
212 549 283 601 hunc
296 566 409 618 personae
423 549 550 618 pallaeque
561 555 676 617 repertor
687 548 803 601 honestae

139 617 277 686 AEschylus
289 625 316 670 et
328 619 436 671 modicis
448 619 570 670 instravit
582 618 685 686 pulpita
697 619 778 686 tignis

138 686 174 739 Et
186 687 275 739 docuit
287 705 464 756 magnumque
476 688 547 754 loqui
559 687 661 756 nitique
672 688 807 740 cothurno.
881 693 940 740 280

138 755 269 808 Successit
282 765 356 809 vetus
368 758 409 808 his
422 757 554 822 comoedia,
566 773 619 808 non
631 757 687 809 sine
698 757 783 808 multa

140 824 243 888 Laude;
261 827 306 878 sed
318 826 347 876 in
359 827 454 878 vitium
466 825 572 877 libertae
585 826 684 877 excidit
696 833 723 878 et
735 826 789 876 vim

139 893 255 962 Dignam
266 895 324 962 lege
336 896 407 962 regi3
437 895 480 946 lcx
493 902 532 946 est
544 901 651 963 accepta
663 895 808 962 chorusque

140 963 262 1032 Turpiter
275 964 386 1016 obticuit
398 964 500 1016 sublato
508 966 569 1031 jure
581 964 698 1017 nocendi

141 1032 184 1084 Nil
197 1033 358 1085 intentatum
371 1034 452 1084 nostri
465 1033 485 1084 li
502 1049 562 1085 uere
575 1035 668 1100 poetae.

141 1101 164 1154 N
166 1119 194 1154 ec
206 1103 345 1154 minimum
357 1119 474 1156 mercem
486 1050 572 1167 decus,
585 1103 697 1169 vestigia
708 1102 799 1154 Graeca

141 1171 204 1224 Ausi
217 1171 332 1224 deserere
345 1177 371 1223 et
384 1171 511 1223 celebrare
523 1172 664 1224 domestice
676 1173 753 1238 facta,

141 1239 189 1292 Vel
203 1240 248 1308 qui
260 1247 401 1308 praetextas
413 1240 454 1292 vel
466 1241 512 1309 qui
524 1240 633 1292 docuere
645 1247 755 1308 togatas.

141 1309 195 1361 Nec
207 1309 306 1362 virtute
318 1310 385 1362 foret
397 1309 505 1361 clarisve
518 1310 651 1376 potentius
663 1310 741 1362 armis

140 1378 224 1442 Quam
236 1378 328 1446 lingua
339 1379 452 1444 Latium,
465 1379 487 1430 si
499 1396 551 1430 non
563 1378 705 1431 offenderet
717 1395 813 1430 unum·
879 1384 933 1432 290

142 1464 270 1514 quemque
282 1450 419 1516 poctarum
431 1447 501 1499 lirnae
512 1447 585 1499 labor
596 1453 623 1500 et
635 1465 713 1500 mora
750 1447 809 1513 Vos,
823 1465 839 1500 o

144 1516 284 1584 Pompilius
296 1517 410 1585 sanguis,
423 1534 527 1568 carmen
538 1517 726 1584 reprehendite,
739 1518 810 1585 quod
823 1535 878 1570 non
952 1505 953 1527 ¹

141 1585 228 1637 Multa
240 1585 295 1638 dies
307 1594 334 1638 ct
345 1586 431 1638 multa
442 1586 523 1638 litura
535 1587 651 1638 coercuit
663 1593 741 1654 atque
951 1587 952 1599 ¹

142 1653 289 1706 Perfectum
300 1654 385 1707 decies
397 1672 449 1707 non
461 1656 601 1722 castigavit
612 1656 646 1707 ad
658 1673 781 1723 unguem

142 1723 281 1791 [ngenium
292 1724 386 1776 misera
398 1725 460 1792 quia
472 1725 631 1776 fortunatius
643 1732 699 1777 arte

140 1791 229 1846 (lredit
241 1799 268 1845 et
280 1793 398 1845 excludit
411 1811 485 1845 sanos
498 1794 624 1846 Helicone
636 1795 726 1862 poetas

142 1863 312 1929 Democritus,
325 1862 393 1915 bona
404 1881 464 1931 pars
476 1879 528 1914 non
542 1879 641 1930 ungues
654 1880 747 1930 ponere
759 1869 843 1930 curat,

141 1931 165 1984 N
167 1949 199 1984 on
212 1931 326 1998 barbam,
339 1939 437 1984 secreta
450 1933 517 2000 petit
529 1931 592 1998 loca,
605 1932 698 1984 balnea
711 1933 785 1986 vitat.

140 2000 312 2054 Nanciscetur
324 2002 393 2052 enim
406 2002 520 2069 pretium
532 2019 677 2069 nomenque
689 2003 780 2069 poetae,

139 2069 167 2122 Si
180 2071 263 2123 tribus
276 2071 409 2138 Anticyris
421 2078 502 2138 caput
514 2070 657 2124 insanabile
669 2087 806 2138 nunquam
877 2073 934 2126 300

140 2140 246 2192 Tonsori
258 2139 349 2192 Licino
361 2141 524 2192 commiserit
561 2140 582 2192 Ο
595 2157 641 2206 ego
653 2141 744 2204 laevus,
931 2162 934 2171 ·

140 2209 194 2269 Qui
206 2226 302 2278 purgor
313 2209 392 2261 bilem
404 2209 452 2261 sub
464 2209 537 2261 verni
550 2210 672 2277 temporis
684 2209 789 2265 boram!

139 2277 200 2330 Non
212 2278 279 2330 alius
291 2279 388 2331 iaceret
400 2278 507 2330 meliora
519 2281 653 2347 poemata;
672 2295 763 2331 verum

141 2345 186 2400 Nil
200 2347 270 2400 tanti
282 2354 328 2400 est.
364 2348 432 2415 Ergo
444 2347 541 2415 fungar
552 2349 608 2400 vice
621 2348 693 2414 cotis,
705 2355 814 2400 acutum

140 2415 257 2468 Reddere
270 2433 327 2484 quae
340 2417 437 2469 ferrum
450 2417 528 2482 valet,
540 2434 626 2470 exsors
638 2418 695 2485 ipsa
707 2417 826 2480 secandi;

139 2485 239 2538 Munus
251 2491 278 2536 et
290 2485 404 2538 officium
416 2486 454 2538 nil
467 2485 579 2538 scribens
591 2487 646 2555 ipse
658 2485 759 2552 docebo,

141 2553 216 2604 Unde
238 2561 353 2604 ›arentur
365 2572 432 2622 opes,
445 2555 509 2621 quid
521 2556 575 2606 alat
587 2557 732 2623 formetque
745 2557 865 2623 poetam3
921 2558 928 2591 Ι

139 2619 209 2695 Quid
221 2571 318 2696 doceat,
331 2622 394 2687 quid
406 2639 473 2685 non;
491 2640 541 2689 quo
553 2624 644 2688 virtus,
657 2641 707 2691 quo
718 2625 787 2676 ferat
799 2641 875 2676 error.

141 2685 274 2738 ‘lcrrbendr
285 2696 355 2739 recte
367 2705 455 2758 sapere
468 2699 507 2744 est
520 2698 547 2746 et
559 2693 714 2760 principium
727 2701 754 2746 et
766 2695 839 2746 fons:
