1908 2886
257 75 469 131 SATIRARUM
489 77 527 131 ΙΙ.
547 80 569 140 7,
588 81 611 128 8.
777 81 825 130 185

21 193 22 252 Ῑ
58 185 111 238 ¹‘Iu
124 187 222 254 primis
235 187 356 241 Lucanus
369 208 450 259 aper;
468 192 522 244 leni
534 191 587 243 fuit
599 191 697 242 Austro

21 299 22 304 ¹
55 257 153 326 eaptus,
166 267 198 312 ut
210 261 297 313 aiebat
308 279 387 314 ooenae
399 268 487 331 poten
505 262 574 313 aeria
586 261 684 313 circum

21 381 22 384 ,
55 325 158 397 tepula„
170 329 288 396 laetucae,
300 331 406 397 radioes,
418 332 507 399 qualia
518 331 615 384 lassum

21 407 22 460 ς
54 394 201 450 Pervellunt
213 400 383 468 stomachum,
395 401 464 467 siser,
477 400 549 466 allec,
561 399 655 452 saecula
667 399 728 453 Coa.

21 485 23 540 ς
53 465 99 518 His
111 467 156 520 ubi
168 467 278 521 sublatis
290 487 356 537 puer
366 469 420 523 alte
432 471 533 522 cinctus
546 486 665 522 noemam
796 468 831 520 10

21 543 22 576 ἲ
52 535 167 604 Gausapa
178 555 308 606 purpureo
319 556 435 591 mensam
447 539 575 607 pertersit7
588 546 615 590 et
626 538 693 590 alter

53 602 166 673 'Sublegit
178 607 351 676 quodcunque
359 611 459 677 jaceret
470 609 565 660 inutile
576 607 696 676 quodque

21 723 22 794 l
53 672 709 815 5ᾚῶῗέἕέἕῖἶῖἒὲἲὲηῒὲῗῗῌῗὲἕὲψ,

54 811 156 866 laeeuba
167 813 230 867 vina
241 787 334 881 ferani,
346 816 429 868 Aleon
440 815 533 868 Chium
545 815 624 866 maris
636 831 734 882 expers.

50 877 93 932 die
104 881 184 961 herus
196 900 202 934 ε
221 883 379 949 ‘Albanum
391 884 528 952 Maeoenas,
541 885 596 937 eive
608 885 749 936 Falernum

21 969 22 1038 ὲ
51 949 778 1090 mmrgrggffiaffifflsmmqum

52 1087 177 1156 lundani,
189 1088 298 1158 pulchre
310 1092 391 1144 fuerit
402 1090 459 1157 tibi,
472 1109 546 1144 nossa
559 1041 716 1146 laborollm'

52 1157 189 1210 ‘Summus
198 1165 283 1226 ego,et
291 1177 370 1228 prope
378 1177 420 1212 me
429 1160 521 1214 Viscus
530 1161 700 1228 Thurinmet
707 1161 784 1230 infra,
796 1165 830 1218 20

53 1225 70 1277 li
83 1229 197 1296 memini,
211 1229 313 1296 Varius,
325 1246 385 1282 oum
396 1229 505 1283 Servilio
517 1230 657 1282 Balatrone

53 1293 172 1365 libidius,
185 1316 248 1366 quas
260 1298 390 1351 Maeeenae
402 1299 547 1352 adduxerat
559 1297 671 1351 umbras.

52 1363 223 1421 lomentanus
234 1373 291 1420 erat
303 1385 380 1436 super
392 1371 485 1436 ipsum,
498 1367 604 1420 Porcius
615 1367 692 1435 infra

53 1433 180 1490 Ildioulus
191 1442 260 1490 totas
272 1437 351 1490 semel
363 1437 496 1491 obsorbere
508 1437 647 1506 placentas.

21 1499 22 1518 ³
52 1501 222 1559 Nomentanus
233 1506 268 1558 ad
279 1505 336 1572 hoo,
349 1507 401 1576 qui,
414 1507 436 1559 si
448 1506 511 1574 quid
523 1507 590 1558 forte
601 1505 702 1574 lateret,

52 1571 132 1626 luiiee
143 1581 301 1628 monstraret
312 1576 409 1643 digito;
427 1593 490 1628 nam
501 1582 587 1628 cetera
599 1573 683 1642 turba,

51 1639 100 1712 No,
114 1644 229 1712 inquam,
242 1662 374 1698 coenamus
385 1662 453 1713 aves,
466 1644 609 1712 conchylia,
621 1645 710 1714 pisces,

52 1709 128 1782 louge
140 1715 293 1767 dissimilem
304 1721 366 1767 noto
379 1714 492 1768 celantia
503 1731 622 1778 sueeum;

21 1805 22 1808 ¹
52 1779 131 1837 Utvel
143 1784 268 1836 continuo
279 1784 374 1852 patuit,
387 1801 468 1851 quum
479 1783 589 1852 passeris
601 1790 680 1850 atque

52 1847 180 1920 ingustata
190 1853 258 1905 mihi
269 1859 419 1921 porrexerat
430 1853 477 1906 ilia
488 1851 597 1906 rhombi.
791 1855 824 1904 ³0

51 1917 99 1974 Post
112 1922 163 1974 hoo
174 1939 216 1974 me
228 1921 318 1974 docuit
330 1922 460 1974 melimela
472 1922 565 1974 rubere
577 1921 704 1972 minorem

52 1989 84 2042 id
93 1992 185 2044 lunam
196 1991 305 2044 delecta.
341 1990 409 2054 Quid
422 1992 470 2042 hoe
482 1990 593 2055 intersit,
606 1989 706 2057 abipso

50 2059 159 2114 luderis
171 2061 271 2114 melius.
306 2060 375 2112 Tum
387 2059 509 2112 Vibidius
520 2058 668 2111 Balatroni:

52 2123 108 2180 ‘Nor
120 2130 174 2181 nisi
185 2129 309 2180 damnose
321 2125 441 2192 bibimus,
454 2126 595 2178 moriemur
607 2126 687 2178 inulti
697 2127 712 2180 :’

50 2189 79 2245 Et
89 2195 178 2248 oalices
209 2193 274 2246 oseit
285 2193 402 2259 majores.
438 2191 545 2244 Vertere
557 2189 641 2258 pallor

50 2259 107 2315 l'um
114 2212 223 2334 paroeb'i
233 2262 329 2314 faeiem
341 2260 380 2312 nil
393 2260 429 2312 sie
440 2259 582 2312 metuentis
594 2265 626 2309 ut
637 2273 709 2312 acres

50 2327 150 2401 Potorss,
163 2332 206 2384 vel
218 2330 288 2400 quod
300 2329 368 2382 male
380 2329 473 2381 dieunt
485 2327 597 2394 liberius,
604 2327 643 2379 vel

50 2398 150 2455 Fervida
162 2401 232 2469 quod
245 2399 341 2452 subtile
353 2399 497 2450 exsurdant
508 2396 570 2449 vina
583 2396 709 2464 palatum.

49 2466 179 2522 Invertrnt
191 2469 313 2522 Allifanis
325 2467 426 2518 vinaria
439 2473 494 2518 tota

51 2535 158 2594 Vibidius
170 2539 335 2604 Balatroque,
348 2535 464 2602 sequutis
476 2532 595 2585 omnibus
602 2551 609 2595 3
627 2533 674 2584 imi
788 2534 822 2580 40

21 2659 22 2664 ,
50 2605 157 2662 Conviva
170 2606 233 2660 laeti
245 2605 359 2657 nihilum
370 2619 479 2654 nocuere
491 2601 598 2666 lagenis.
