1866 2874
118 116 154 168 80
431 110 584 165 nondun

224 215 291 268 Oum
302 215 373 282 flore,
386 213 525 283 Maecenes‚
537 233 663 286 reserum,
677 223 705 270 et

259 284 351 336 Presse
362 285 417 336 tuis
428 282 540 336 belenus
552 285 656 352 capillis

189 353 210 407 J
210 353 356 406 emdudum
367 369 383 406 e
402 353 438 405 ud
450 369 492 404 me
505 360 551 406 est.
587 353 666 422 Eripe
678 358 705 406 te
717 370 817 418 morue3
924 409 925 416 ,

189 422 230 475 Ne
242 439 344 490 semper
354 439 374 474 u
393 439 439 474 um
451 421 533 474 Tibur
545 427 572 474 et
584 423 683 474 AEsulae

223 490 332 543 Declive
344 491 527 560 contempleris
540 508 633 543 ervum
646 496 673 544 et

260 559 384 628 Telegoni
393 562 460 628 juge
473 560 617 627 perricidae.

191 628 365 682 Fastidiosem
377 629 465 681 desere
478 629 581 696 copiem
593 634 620 680 et
924 667 925 690 q

190 697 289 750 Molem
300 698 475 767 propinquam
487 697 601 750 nubibus
613 697 716 760 erduis;
886 698 925 770 qu

226 766 325 820 Omitte
337 767 427 818 mirari
439 767 523 819 beetae
924 771 925 794 ¹

261 836 375 888 numum
387 841 414 887 et
426 852 486 904 opes
499 835 690 904 strepitumque
702 836 801 891 Romae.

192 905 351 972 Plerumque
362 910 444 972 gretae
457 904 584 956 divitibus
597 905 666 957 vices

191 973 352 1042 Mundaeque
364 991 444 1041 parvo
457 972 505 1025 sub
517 972 571 1024 lere
582 990 728 1043 pauperum

227 1043 312 1095 Ooenae
324 1042 380 1093 sine
392 1041 483 1094 eulaeis
495 1048 522 1094 et
534 1048 604 1094 ostro
924 1063 925 1068 ¹

262 1109 407 1163 Sollicitam
418 1111 569 1179 explicuere
580 1112 700 1164 frontem.

191 1179 256 1233 Jem
268 1179 353 1232 clerus
365 1179 497 1232 occultum
509 1179 681 1232 Andromedae
693 1184 769 1248 peter

193 1248 317 1304 Ostendit
328 1249 424 1316 ignem,
433 1249 491 1317 jem
502 1248 621 1316 Procyon
633 1249 700 1304 furit

227 1318 264 1370 llt
276 1317 352 1370 stelle
364 1318 455 1370 vesani
466 1317 567 1384 Leonis,
924 1371 925 1390 χ

262 1386 321 1440 Sole
332 1387 388 1438 dies
399 1386 529 1438 referente
541 1386 634 1440 siccos:
884 1391 925 1444 tol

193 1456 257 1510 Jam
268 1460 358 1522 postor
369 1455 474 1508 umbros
487 1473 549 1508 oum
559 1473 638 1524 grege
650 1454 777 1523 languido
924 1455 925 1458 ’

194 1525 344 1591 Rivumque
354 1525 437 1576 fessus
450 1524 545 1593 quaerit
557 1531 584 1576 et
596 1524 695 1576 horridi

228 1593 345 1662 Dumete
357 1593 472 1657 Silvani5
490 1597 612 1662 caretque

264 1661 333 1729 Ripa
344 1662 418 1730 segis
431 1662 564 1714 taciturne
576 1663 669 1717 ventis.

193 1729 242 1795 uu,
254 1729 390 1784 civitatem
402 1732 461 1800 quis
474 1733 565 1785 deoeet
577 1738 670 1800 status,

197 1800 289 1864 Cures,
302 1806 330 1853 et
343 1799 408 1852 Urbi
420 1801 547 1853 sollicitus
561 1801 645 1866 times,

229 1867 299 1932 Quid
311 1867 384 1921 Seres
397 1873 424 1920 et
434 1873 546 1935 regnate
559 1869 626 1935 Oyro

262 1937 359 1990 Bactra
370 1942 464 2006 parent
476 1935 621 2004 Tanaisque
633 1937 737 1990 discors.

194 2005 313 2059 Prudens
324 2006 410 2059 futuri
421 2005 545 2073 temporis
558 2005 660 2058 exitum

194 2075 343 2142 caliginosa
354 2081 431 2126 nocte
442 2074 539 2142 premit
550 2074 630 2144 Deus,

229 2143 367 2212 Ridetque,
380 2143 402 2194 si
414 2143 531 2195 mortalis
543 2143 615 2195 ultre

264 2212 315 2265 Fas
327 2211 449 2280 trepidet
486 2211 561 2275 Quod
572 2212 647 2266 adest
658 2215 792 2266 memento

196 2280 355 2348 Componere
367 2297 470 2348 aequus:
489 2287 576 2334 cetere
587 2281 705 2334 fluminis

196 2348 262 2400 Ritu
273 2349 403 2416 feruntur,
415 2365 489 2400 nunc
500 2350 586 2402 medio
598 2367 701 2418 aequore

231 2416 297 2468 (tum
309 2433 373 2483 poce
385 2417 530 2470 delabentis
543 2419 686 2472 Etruscum

267 2484 300 2534 In
311 2501 391 2549 mere,
403 2500 474 2536 nunc
486 2486 587 2554 lapides
599 2488 689 2540 adesos

196 2548 349 2617 Stirpesque
360 2556 450 2617 reptes
462 2559 488 2605 et
500 2572 579 2622 pecus
592 2562 619 2608 et
631 2557 720 2610 domos

198 2616 335 2671 Volventis
347 2634 407 2681 uns,
420 2633 473 2670 non
485 2621 542 2675 sine
553 2625 684 2678 montium
