1908 2886
117 99 168 151 180
440 95 593 152 Housull

115 199 214 256 Pocula
225 217 270 254 seu
281 201 389 254 modicis
400 201 503 254 uvescit
513 200 608 253 lectius.
643 199 712 268 Ergo
873 201 909 252 70

116 272 205 324 Sermo
217 272 306 337 oritur,
318 287 371 323 nen
383 272 416 323 de
427 271 497 324 villis
509 270 661 322 domibusve
673 268 772 334 alienis,

115 341 141 394 N
142 359 171 393 ec
182 341 251 393 mele
262 357 343 393 necne
356 341 438 410 Lepos
451 340 542 404 seltet3
561 339 605 390 sed
618 339 687 408 quod
699 338 782 406 magis
794 337 830 389 ed
841 355 893 390 nes

116 410 236 463 Pertinet
247 417 274 462 et
285 410 384 462 nescire
395 410 495 461 melum
506 415 553 475 eet,
566 409 710 475 agitamus:
728 415 856 459 utrumne

116 479 224 534 Divitiis
236 479 360 545 homiues,
373 495 407 531 en
420 480 473 532 sint
485 479 583 530 virtute
596 478 679 540 besti;

118 549 220 613 Quidve
231 548 266 601 ed
278 549 414 614 amicitias,
428 566 489 600 usus
501 553 642 613 rectumne,
655 545 744 598 trehet
756 561 803 597 nos
810 563 819 609 ;

117 618 153 672 Et
165 635 224 687 que
237 618 380 670 situatum
391 617 452 670 boni
464 632 646 684 summumque
658 615 721 684 quid
734 616 796 683 ejus.

119 689 225 740 Cervius
237 687 294 740 haec
305 688 375 740 inter
386 687 487 739 vicinus
499 686 582 754 garrit
593 685 676 737 aniles

119 757 161 811 Ex
172 775 201 810 re
212 757 328 810 inbelles.
363 757 391 809 si
403 757 461 824 quis
472 773 534 808 nem
546 755 638 808 laudet
650 753 734 806 Arelli

119 827 249 881 Sollicitas
261 827 369 895 ignarus
381 843 448 895 opes,
461 826 498 876 sic
509 824 618 892 incipit:
633 822 729 875 “Olim

120 897 245 950 Rusticus
257 897 386 948 urbanum
397 911 499 946 murem
510 911 569 946 mus
581 909 696 962 peupere
707 893 792 944 fertur
876 893 913 944 80

120 967 257 1035 Accepisse
269 982 340 1032 cevo,
353 970 467 1016 veterem
479 972 554 1016 vetus
566 963 658 1031 hospes
670 962 800 1026 emicum3

120 1037 143 1088 A
190 1053 203 1087 r
215 1041 242 1087 et
254 1039 372 1086 attentus
384 1033 508 1100 quaesitis,
520 1039 552 1084 ut
564 1039 653 1083 temen
666 1039 770 1083 erctum

121 1053 237 1158 Soslizeret
249 1102 368 1172 hospitiis
380 1103 506 1155 enimum.
542 1101 612 1162 Quid
624 1100 727 1153 multet
745 1116 832 1168 neque
844 1099 892 1153 ille

122 1173 235 1244 Sepositi
246 1173 336 1225 ciceris
348 1189 396 1224 nec
408 1172 492 1238 longe
504 1171 601 1223 invidit
613 1186 710 1237 evenae,

120 1244 233 1296 Aridum
245 1249 273 1295 et
284 1259 326 1295 ore
338 1242 423 1294 ferens
435 1241 541 1293 ocinum
554 1256 702 1308 semesaque
713 1239 783 1293 lardi

121 1312 219 1367 Fruste
230 1312 311 1379 dedit,
324 1311 431 1380 cupiens
443 1310 516 1363 veris
527 1309 635 1362 fastidis
646 1326 720 1362 eosne

122 1380 234 1435 Vincere
245 1381 379 1450 tungentis
390 1380 459 1432 mele
472 1379 576 1446 singule
588 1380 666 1431 dente
679 1376 803 1460 superb03

122 1452 211 1514 Quum
223 1458 297 1520 peter
309 1451 364 1520 ipse
376 1450 467 1502 domus
479 1450 554 1518 pales
565 1455 698 1516 porrectus
709 1465 738 1500 m
750 1448 834 1500 homa

122 1519 198 1572 Esset
209 1521 273 1573 eder
283 1519 434 1588 loliumque,
446 1518 521 1586 dapis
533 1517 640 1569 meliore
651 1516 808 1584 relinquens
880 1520 916 1569 89

123 1586 240 1640 'leudem
258 1585 374 1638 urbanus
389 1586 424 1640 ad
444 1584 526 1648 hunc,
554 1583 640 1647 ‘Quid
659 1588 686 1639 te
702 1583 797 1650 juvet‘
815 1583 917 1652 inquit,

122 1655 251 1723 Praerupti
266 1656 377 1707 nemoris
388 1655 533 1722 potientem
545 1653 632 1704 vivere
644 1651 740 1704 dorso?
794 1651 918 1734 [‘emice,

124 1722 172 1777 Vis
184 1731 215 1777 tu
227 1724 344 1777 homiues
355 1723 497 1792 urbemque
509 1723 572 1775 feris
584 1739 734 1792 prseponere
746 1723 837 1775 silvrs‘l

125 1795 208 1864 Carpe
220 1795 297 1861 viem,
309 1794 375 1846 mihi
386 1793 470 1860 crede,
481 1809 580 1856 comes3
598 1793 731 1845 terrestris
743 1793 851 1861 quando
952 1817 953 1828 π

124 1864 250 1917 Mortales
261 1864 362 1916 enimes
373 1863 468 1915 vivunt
480 1862 571 1914 sortite
582 1878 669 1929 neque
679 1861 736 1914 ulls
747 1867 787 1914 est
952 1849 953 1876 ¹

124 1934 181 1987 Aut
192 1949 288 2002 magno
301 1938 349 1985 eut
378 1949 440 1984 ervo
451 1931 499 1983 leti
510 1932 589 1998 iuge:
608 1947 668 1998 quo,
680 1930 754 1998 bone,
766 1931 845 1998 circe,

123 2003 196 2056 Dum
208 2004 277 2068 lieet,
290 2003 318 2054 in
330 1950 407 2054 relus
416 2001 541 2067 jucundis
553 2000 612 2052 vive
624 1999 732 2064 beet11s3

125 2073 192 2126 Vive
203 2091 309 2138 memor,
322 2089 401 2140 quem
414 2071 447 2122 sis
461 2071 510 2122 aevi
521 2071 624 2122 brevis.'
661 2070 726 2120 Haec
738 2067 786 2121 ubi
798 2068 873 2123 dicte

125 2140 263 2207 Agrestem
274 2139 404 2208 pepulere,
417 2137 493 2190 domo
505 2137 570 2190 levis
582 2137 686 2202 exsilit3
703 2138 767 2191 inde

125 2207 209 2261 Ambo
221 2208 382 2277 propositum
413 2212 524 2274 etegent
536 2207 593 2272 iter,
607 2206 677 2260 urbis
690 2214 798 2262 aventes

125 2275 225 2328 Moenia
236 2277 359 2328 nocturni
370 2225 514 2343 suirepere.
549 2276 568 2328 J
570 2293 664 2344 umque
676 2276 784 2330 tenebat
864 2281 921 2332 100

125 2343 186 2395 Nox
197 2344 314 2394 medium
325 2345 384 2395 eceli
396 2346 526 2412 spatium
545 2362 627 2412 quum
673 2346 714 2398 uit
725 2352 839 2416 uterque

127 2410 160 2460 In
173 2409 303 2475 locuplete
314 2410 390 2463 domo
402 2413 519 2480 vestigia,
532 2413 611 2465 rubro
622 2363 672 2466 ull
681 2432 758 2468 coeco

127 2475 222 2526 Tincta
233 2492 311 2542 super
321 2477 401 2530 lectos
413 2482 537 2533 conderet
546 2483 627 2534 vestis
640 2483 759 2553 eburnos,

127 2539 266 2608 Multoque
277 2542 309 2593 de
320 2559 416 2610 megne
428 2556 592 2615 superessent
603 2552 704 2606 feretris.
715 2571 797 2620 cuens,

154 2623 193 2659 use
205 2608 296 2675 procul
308 2613 447 2664 exstructis
459 2616 563 2670 inerunt
575 2618 698 2676 hesterno
709 2624 840 2679 mutuis
951 2649 952 2688 i
