1908 2886
291 114 502 168 SATIRARUM
522 113 562 166 ll.
580 118 605 166 6.
796 118 845 169 179

60 226 107 278 Per
119 236 201 292 caput
214 228 242 276 11
254 223 323 276 circa
334 225 435 277 saliunt
445 224 524 278 latus.
560 226 653 278 “Ante
666 226 807 279 secundam

60 295 165 348 Roscius
178 292 273 346 orabat
285 293 335 346 sibi
352 294 454 346 adesses
466 295 501 348 ad
513 296 608 348 Puteal
620 297 700 349 cras.”

59 366 117 418 “De
130 381 158 416 re
171 363 304 417 communi
316 363 407 416 scribae
419 381 516 432 magna
528 373 608 434 atque
620 383 688 418 nova
700 372 726 418 te

60 434 173 488 Orabnnt
185 433 265 486 hodie
276 434 444 499 meminisses,
458 435 562 502 Quinte,
575 434 693 488 reverti.’'

58 503 221 572 “Imprimat
233 503 282 568 bis,
292 519 361 569 cura,
375 504 504 556 Maecenes
517 505 593 572 signa
606 503 734 557 tabellis.’'

58 572 168 638 Dixeris,
180 571 334 640 “Experiar
343 573 366 625 :”
384 573 399 600 “
407 573 435 626 si
447 573 494 639 vis,
507 574 604 642 potes,”
615 573 690 626 addit
703 581 730 627 et
741 574 830 627 1111111.

59 641 191 711 Septimus
202 650 294 698 octavo
306 646 411 713 propior
418 648 475 715 jam
486 646 586 713 fugerit
597 663 689 715 annus,
810 649 845 700 40

59 711 97 763 Ex
109 729 162 781 quo
174 712 304 766 Moeceuas
316 731 358 766 me
370 715 449 783 coepit
460 713 555 768 habere
567 731 674 768 snorum

59 779 88 832 ln
100 799 224 847 nume103
242 783 382 836 dumtaxat
394 785 428 836 ad
440 783 496 850 boc,
509 801 586 852 quem
599 785 689 836 tollere
700 783 783 837 rheda

59 848 146 904 Vellet
157 851 317 904 iterfaciens
330 858 357 906 et
369 853 412 905 eui
424 854 576 906 concredere
587 871 672 921 nugas

59 919 117 1045 Hcsc
135 926 347 1050 genusqfflora
365 931 447 996 quota
463 933 502 980 est
513 926 539 980 l’
556 927 666 980 “Threx
685 933 724 980 est
743 928 847 984 Gallina

110 1010 161 1060 rr0
169 1010 221 1062 rar
251 996 258 1020 ’

57 1061 192 1118 Matutine
203 1082 297 1134 pamm
310 1070 399 1118 cautos
407 1067 464 1134 jam
475 1065 573 1132 frigora
584 1065 710 1118 mordent.

57 1133 89 1186 Et
100 1151 162 1204 quse
172 1134 268 1188 rimosa
279 1135 345 1187 bene
356 1134 524 1203 deponuntur
534 1135 563 1186 in
575 1152 644 1187 aure

58 1202 104 1256 Per
115 1209 206 1256 totum
217 1203 266 1258 hoc
278 1209 382 1272 tempus
393 1203 535 1272 subjectior
545 1204 574 1255 in
586 1203 655 1255 diem
667 1208 694 1256 et
706 1202 796 1256 horam

57 1271 169 1326 invidie
180 1277 274 1327 noster.
309 1274 396 1326 Ludos
408 1279 570 1342 spectaverat
582 1289 642 1337 une,

57 1339 167 1394 Luserat
178 1341 207 1394 in
219 1343 328 1411 Campo:
347 1341 471 1395 Fortunae
482 1341 559 1409 filius,
572 1357 667 1393 omnes.

57 1409 180 1480 Frigidus
191 1428 208 1464 a
220 1411 319 1464 Rostris
331 1417 423 1464 manat
435 1429 481 1480 per
493 1409 608 1478 compita
619 1426 721 1462 rumor:
809 1411 843 1461 50

58 1483 213 1550 Quicunque
224 1481 314 1534 obvius
327 1488 373 1549 est,
385 1499 427 1534 me
439 1481 569 1533 consulit:
588 1480 633 1531 “0
645 1479 718 1543 bone,
732 1475 806 1546 (nam
817 1484 845 1529 te

57 1550 133 1618 Scire,
146 1551 215 1604 Deos
227 1551 352 1620 quoniam
363 1551 469 1619 propius
481 1548 618 1616 contingis,
632 1547 752 1617 oportet)

56 1617 192 1690 Numquid
205 1620 237 1674 de
248 1621 328 1673 Dacis
340 1620 438 1673 audisti
448 1618 478 1672 l”
496 1618 564 1670 “Nil
576 1617 719 1688 equidem.''
741 1615 802 1668 “Ut
813 1621 845 1666 111

56 1688 163 1759 Semper
175 1690 224 1742 eris
236 1690 333 1743 derisor
341 1691 366 1742 !”
384 1690 400 1719 “
408 1691 445 1743 At
456 1705 545 1742 omncs
556 1687 592 1740 Di
606 1688 741 1756 exagitent
752 1703 801 1750 me,

58 1757 85 1810 Si
97 1758 164 1828 quid
182 1759 269 1812 uam.’'
297 1760 311 1786 ‘¹
321 1758 392 1823 Quid
402 1758 412 1811 l
429 1757 558 1810 militibus
589 1758 696 1809 romissa
708 1755 846 1823 Triquetra

57 1825 158 1878 hedis
213 1842 262 1892 sar,
274 1842 309 1878 an
321 1831 361 1878 est
374 1825 442 1878 Itale
454 1826 548 1878 tellure
579 1825 706 1879 aturusl”

56 1894 74 1946 J
75 1899 197 1948 urentem
208 1910 251 1946 me
263 1895 328 1947 scire
339 1894 407 1946 nihil
419 1896 549 1947 mirantur
560 1901 592 1947 ut
604 1911 688 1946 unum

56 1961 162 2016 Scilicet
220 1964 272 2032 egii
283 1964 420 2016 mortalem
432 1965 532 2033 altique
545 1963 642 2016 silenti.

56 1980 248 2086 Perditurebraec
260 2033 330 2085 inter
340 2033 433 2085 misero
446 2033 493 2086 lux
505 2051 557 2086 non
570 2033 625 2084 sine
637 2031 718 2084 votis:

57 2101 141 2169 Orus,
150 2102 255 2170 quando
268 2119 316 2170 ego
328 2107 355 2154 te
367 2103 526 2172 adspiciam?
543 2102 698 2171 quandoque
707 2099 797 2153 licebit
809 2103 843 2154 60

55 2168 79 2222 N
79 2189 133 2224 unc
146 2176 263 2224 veterum
276 2170 356 2238 libris,
368 2189 440 2223 nunc
452 2189 541 2224 somno
554 2177 580 2224 et
592 2169 719 2223 inertibus
731 2170 801 2224 boris

55 2237 157 2294 Ducere
170 2240 287 2294 sollieitae
296 2241 415 2309 jucunda
427 2240 522 2294 oblivia
534 2240 613 2292 vitaei

56 2308 76 2360 0
88 2309 194 2378 quando
205 2310 267 2364 faba
279 2309 435 2378 Pythagorae
448 2315 559 2378 cognata
571 2309 701 2376 simulque

56 2377 143 2432 Uncto
155 2380 218 2432 satis
231 2379 325 2448 pingui
333 2385 467 2500 Bonentur
476 2379 592 2432 oluscula
604 2379 694 2431 lardo?

55 2447 76 2500 Ο
88 2455 179 2502 noctes
191 2466 321 2518 coenasque
359 2447 433 2502 erim!
453 2449 547 2517 quibus
559 2448 614 2516 ipse
625 2449 728 2514 meique

55 2517 124 2570 Ante
136 2518 219 2572 larem
231 2517 365 2587 proprium
377 2529 465 2568 vescor
476 2533 619 2583 vernasque
631 2531 751 2584 procaces

54 2586 136 2640 Pasce
147 2587 237 2640 libatis
249 2586 367 2655 dapibus.
402 2585 484 2636 Prout
495 2584 590 2652 cuique
601 2584 680 2635 libido
692 2589 739 2648 est,

54 2655 143 2709 Siceat
154 2656 298 2724 inaequales
311 2655 403 2706 calices
416 2653 526 2704 conviva
537 2651 637 2702 solutus

53 2724 169 2795 Legibus
181 2724 288 2790 insanis,
301 2739 347 2776 seu
359 2721 417 2790 quis
429 2720 500 2788 capit
511 2719 581 2771 acria
592 2718 667 2768 fortis
