1866 2874
227 103 426 158 CARMINUM
445 103 499 156 lll.
518 105 629 156 sss-23.

136 203 199 257 Post
211 211 238 256 te
249 222 335 273 neque
347 199 432 256 iratos
440 209 564 258 trementi

170 274 274 342 Regum
285 275 374 341 apices
386 291 471 341 neque
483 275 600 328 militum
612 292 692 328 armo

104 344 138 395 'le
149 345 234 412 Liber,
247 349 282 409 et,
295 345 318 396 si
327 345 390 396 laets
401 345 494 410 ederit,
505 345 602 412 Venus,

18 453 19 480 t
102 409 249 480 Segnesque
261 413 362 464 nodum
374 413 472 465 solvere
485 414 590 478 Grutiae,

135 479 263 548 Vivaeque
274 481 422 548 producent
433 483 557 548 lucernae,

173 550 246 602 Dum
257 551 360 605 rediens
372 553 451 622 fugat
462 557 534 608 estre
546 553 668 608 Phoebus.

196 713 347 768 OARMEN
364 713 658 768 XXII.-snn1susu.

16 839 17 874 i
101 823 242 877 Monuni!
254 830 341 877 custos
353 841 550 894 nemorumque,
563 825 651 894 Virgo,

102 893 166 957 Quae
178 893 327 946 laborantes
339 900 414 946 utero
425 895 527 975 puellas

101 961 151 1015 Ter
162 968 257 1016 roceto
268 962 345 1014 sudis
357 963 503 1032 edimusque
514 964 574 1031 leto,

170 1030 241 1084 Diva
252 1031 386 1098 triformis,

102 1098 247 1152 Imminens
259 1099 329 1154 ville
341 1106 390 1153 tue
401 1101 480 1170 pinus
491 1106 554 1167 esto,

103 1168 189 1232 Quem
201 1186 249 1237 per
260 1175 367 1222 exectos
379 1186 427 1237 ego
438 1170 516 1222 laetus
527 1187 610 1224 annos

102 1236 191 1291 Verris
203 1237 341 1319 obliquum
351 1239 506 1292 meditantis
517 1239 601 1293 ictum

171 1305 308 1374 Suugmne
319 1306 422 1360 donem.

173 1473 324 1529 GARbfflN
341 1474 516 1529 xnus-n>
530 1489 685 1530 ensurius.

101 1587 181 1640 cnm
194 1587 303 1656 supinas
314 1587 338 1640 si
349 1587 442 1640 tuleris
453 1605 548 1642 monus

101 1656 236 1710 Nascente
248 1657 331 1724 Luna,
343 1658 442 1710 rustice
454 1657 574 1726 Phidyle,

137 1724 168 1778 Si
179 1725 257 1778 thure
268 1725 381 1793 placaris
393 1732 421 1779 et
432 1726 515 1779 horne

173 1793 262 1862 Fruge
274 1795 353 1847 Inres
364 1795 494 1862 avideque
506 1811 592 1864 porca,

99 1863 161 1917 Nec
171 1863 341 1932 pestilentem
352 1863 448 1916 sentiet
460 1863 581 1915 Africum

100 1933 230 1987 Fecunda
241 1932 305 1985 vitis
316 1949 365 1984 nec
377 1932 491 1985 sterilem
504 1949 576 1999 seges

138 1999 298 2069 Robiginem
309 2006 357 2055 sut
368 2001 458 2055 dulces
469 2001 572 2054 ulumni

175 2068 306 2124 Pomifero
365 2085 398 2123 ve
409 2075 513 2138 tempus
524 2083 602 2123 enno.

99 2141 176 2194 Nem
187 2155 246 2208 quae
258 2139 305 2192 niv
334 2139 340 2150 “
353 2139 470 2207 poscitur
481 2137 578 2206 Algido

99 2210 209 2265 Devotn
221 2225 333 2276 quercus
345 2208 414 2260 inter
427 2213 454 2261 et
465 2207 538 2259 ilices

139 2277 198 2330 Aut
210 2277 305 2329 crescit
316 2276 426 2329 Albanis
438 2277 467 2328 in
479 2274 566 2328 herbis

177 2347 295 2399 Victima
306 2345 462 2414 pontificum
474 2360 576 2396 secures

101 2415 214 2470 cervice
225 2415 326 2484 tinget:
344 2420 372 2467 te
383 2414 452 2466 nihil
464 2413 562 2466 attinet

101 2487 221 2541 'l'entere
232 2485 319 2536 mults
331 2485 403 2536 caede
413 2482 563 2535 bidentium

143 2553 243 2606 Parvos
254 2557 422 2605 coronantem
433 2549 535 2601 marino

179 2621 249 2674 Rore
261 2617 331 2673 Deos
339 2618 481 2684 fragilique
492 2619 585 2680 myrto

788 103 821 150 73

789 277 823 326 20

796 2202 829 2250 10
