1908 2886
270 109 480 164 SATIRARUM
499 108 538 161 11.
557 114 580 176 6,
599 110 623 163 7.
787 111 834 162 181

55 209 124 276 Ergo,
137 208 185 262 uhi
196 227 329 278 purpureo
341 216 489 279 porrectum
500 211 529 262 in
541 217 613 263 veste
623 211 722 264 loeevit

53 277 195 345 hgrmtem,
209 279 293 332 veluti
306 281 454 333 succinctus
466 280 577 332 cursitat
589 281 681 348 hospes

53 347 246 416 Gontinuetque
259 349 346 418 depes,
358 366 407 402 uec
418 366 472 402 non
484 349 618 402 verniliter
629 350 693 418 ipsis

53 414 184 484 Fungitur
196 417 294 484 officiis,
306 417 480 486 praelambens
492 435 568 470 omne
580 419 650 499 quod
661 418 744 472 effert.
931 485 932 490 Ἰ

53 484 99 536 Ille
111 484 212 538 cubens
224 487 322 554 gaudet
334 493 438 540 memte
450 493 519 540 sorte
531 487 605 540 bonis
624 504 656 541 ue
792 489 842 540 110
931 493 932 506 ’

52 553 137 607 Rebus
149 556 208 622 egit
219 555 313 610 letum
324 557 469 623 convivam,
483 572 565 623 quum
577 505 664 610 suhito
676 557 770 625 ingens

53 622 195 676 Velrerum
206 626 332 693 strepitus
344 626 420 678 lectis
432 625 548 678 excussit
561 632 710 693 utrumque.

53 691 158 745 Currere
169 711 217 762 per
229 699 316 747 totum
327 694 418 764 pavidi
430 694 560 761 concisse,
636 695 642 706 '

50 760 192 816 Exanimes
203 764 343 832 trepidare,
355 763 434 816 simul
446 763 538 816 domus
550 712 737 817 nlltlhflhihiossis

49 832 188 887 Personuit
200 835 315 889 cunibus.
350 835 418 888 Tum
429 837 552 897 rusticus,
575 835 671 888 ‘Hnud
683 836 749 888 mihi
757 836 813 890 vitu

49 902 94 956 list
105 920 174 972 opus
186 903 251 968 hnc’
264 905 310 971 eit,
323 906 364 958 ‘et
376 905 463 958 vnlees
475 925 482 969 ;
499 922 542 958 me
553 905 619 957 silve
631 921 762 974 mvusque

50 971 133 1027 Tutus
146 972 180 1026 eb
192 973 295 1026 insidiis
307 975 382 1028 tenui
393 974 521 1028 solabitur
531 969 606 1029 ervo!
617 967 632 994 ”

674 713 708 748 ue

339 1129 468 1184 SA'HRA
486 1130 549 1183 VII.

51 1243 236 1296 “Jsssnunun
248 1244 368 1296 ausculto
380 1248 407 1296 et
419 1243 525 1312 cupiens
537 1241 587 1296 tibi
599 1243 684 1295 dicere
696 1259 785 1294 servus

51 1312 139 1366 Peuce
150 1312 314 1366 reformido.”
336 1313 479 1366 “Davusne
485 1312 512 1364 i”
532 1312 607 1377 “Ite,
616 1312 712 1376 Davus,
725 1311 841 1362 amicum

50 1381 217 1450 Mencipium
228 1382 334 1435 domino
346 1388 373 1436 et
384 1383 456 1450 frugi
468 1381 538 1450 quod
550 1383 585 1433 sit
597 1381 667 1444 setis,
679 1380 729 1432 hoc
741 1387 788 1445 est,

51 1451 85 1504 Ut
98 1451 184 1504 viteis
196 1451 296 1520 putes.''
332 1452 347 1480 “
356 1454 418 1519 Age,
431 1451 554 1504 libertate
565 1449 709 1516 Decembri,

52 1520 166 1582 Quando
177 1521 217 1573 its
228 1523 339 1589 majores
351 1521 498 1585 voluerunt,
510 1525 602 1583 utere;
619 1517 720 1572 senff

51 1591 137 1644 “Pure
150 1589 289 1642 hominum
301 1590 373 1644 vitiis
385 1589 483 1658 gaudet
492 1594 641 1642 constanter
653 1593 681 1640 et
692 1590 770 1657 urget

52 1659 233 1730 Propositum
250 1678 311 1729 pers
322 1660 409 1712 multe
420 1665 503 1726 natet,
515 1660 591 1712 modo
602 1665 675 1713 recte
686 1677 829 1730 cepessens,

53 1729 192 1782 Interdum
203 1729 291 1798 pruris
303 1729 422 1782 obnoxie.
457 1728 532 1798 Saepe
544 1735 650 1782 notetus

52 1800 116 1852 (ium
129 1798 215 1852 tribus
227 1798 345 1866 ennellis,
357 1798 433 1850 modo
445 1797 511 1850 laevs
523 1797 626 1850 Priscus
637 1796 719 1864 imni,

53 1869 128 1921 Vixit
140 1868 286 1936 inaequeiis‚
298 1867 403 1921 clevum
414 1873 447 1919 ut
458 1873 574 1920 meteret
585 1867 614 1918 in
625 1866 716 1930 horem
807 1868 840 1918 10

52 1937 163 1990 AEdibus
176 1954 209 1989 ex
221 1937 324 2004 mugnis
336 1936 422 1989 subito
434 1953 461 1989 se
473 1936 602 2002 conderet,
614 1935 685 1988 unde

52 2006 179 2060 Mnndior
190 2007 275 2058 exiret
287 2006 333 2058 rix
344 2005 482 2058 hhertinus
494 2005 617 2069 honeste;

52 2076 69 2127 J
70 2094 114 2128 em
127 2076 247 2128 moechus
259 2075 355 2142 Romoe,
364 2076 422 2143 jem
433 2075 525 2128 mullet
536 2074 628 2126 doctus
639 2072 751 2125 Athenis

53 2144 155 2212 Vivere,
169 2144 329 2210 Vertumnis,
341 2150 468 2212 quotquot
480 2149 550 2210 sunt,
561 2149 640 2196 uetus
652 2142 757 2210 iniquis.

52 2214 148 2266 Scurra
160 2213 323 2281 Volnnerius,
334 2219 473 2281 postquem
483 2213 524 2265 illi
532 2214 607 2280 juste
618 2211 744 2280 cheragra

53 2283 181 2336 Contudit
192 2283 323 2350 osticium,
335 2282 381 2350 qui
410 2299 439 2334 ro
451 2299 478 2334 se
490 2281 593 2334 tolleret
604 2288 684 2349 etque

52 2350 175 2404 Mitteret
186 2353 216 2404 in
228 2351 348 2420 phimum
360 2300 433 2418 saihs,
445 2350 563 2404 mercede
574 2349 670 2402 diurne

53 2421 220 2474 Conductum
232 2421 321 2490 pevit;
339 2426 438 2488 quanto
449 2419 609 2474 constantior
621 2419 705 2474 isdem

52 2489 83 2541 In
96 2489 181 2557 vitiis,
194 2497 269 2542 teuto
280 2489 363 2542 levius
375 2489 495 2540 misereo
507 2489 577 2556 prior
588 2488 656 2550 11101,

53 2560 104 2624 Qui
113 2561 173 2628 jem
185 2565 315 2624 contento,
324 2559 381 2626 jem
393 2557 454 2610 lexo
466 2556 529 2608 fune
542 2549 667 2608 luberet.”
685 2581 688 2586 ¹
807 2554 841 2604 10

421 2647 431 2675 Ρ
444 2642 481 2680 ille
