1866 2874
101 120 149 170 108

409 111 568 165 HORATII

203 217 299 271 Malvae
312 215 428 270 salubres
441 215 542 284 corpori

169 287 218 343 Vel
231 287 385 355 agnoscetis
397 301 462 338 caesa
474 283 664 336 Terminalibus

203 355 354 409 Vel-hedua
366 361 470 424 ereptus
481 354 551 422 lupo.

167 425 227 479 Has
238 426 308 477 inter
320 425 411 492 epulas
423 428 455 475 ut
463 425 542 491 juvat
553 427 641 491 pastas
654 437 714 473 oves

202 494 298 546 Videre
310 498 478 562 properantes
490 492 603 556 domum,
688 541 693 550 ,

167 562 263 618 Videre
271 563 352 614 fessos
364 577 494 614 vomerem
505 560 637 612 inversum
648 556 726 611 boves

202 630 273 684 Oollo
285 630 419 683 trahentes
431 629 564 696 languido,

166 699 319 768 Positosque
330 715 430 764 vernas,
442 697 506 750 ditis
518 695 744 758 examendomus,

202 768 307 822 (lircum
318 767 466 819 renidentes
478 766 571 818 lares.”

167 837 233 890 Haec
246 836 293 889 ubi
304 836 407 888 loeutus
419 834 551 888 fenerator
562 833 654 898 Alfius,

201 906 265 960 Jam
273 907 331 974 jem
342 904 449 956 futurus
460 903 580 970 rusticus,

167 974 278 1028 Omnem
290 973 392 1040 redegit
405 971 496 1024 Idibus
508 971 653 1040 pecuniam,

203 1042 304 1107 Quoerit
317 1041 437 1094 Calendis
448 1055 551 1109 ponere.

249 1222 399 1279 GARMEN
417 1223 542 1276 Ili—sn
554 1236 742 1276 nnonusrnn.

167 1329 311 1382 Psnnums
324 1328 387 1382 olim
399 1327 421 1380 si
433 1327 492 1396 quis
503 1327 587 1398 impia
597 1344 680 1381 manu

201 1397 289 1451 Senile
300 1402 395 1465 guttur
406 1395 521 1464 fregerit,

167 1466 232 1520 Edit
243 1466 335 1519 cicutis
347 1465 440 1519 allium
451 1466 596 1519 nocentius.

202 1535 224 1586 0
237 1534 303 1587 dura
314 1550 457 1587 messorum
467 1533 529 1590 ilie!

168 1602 239 1668 Quid
250 1602 300 1656 hoc
311 1603 406 1656 veneni
418 1603 493 1657 ssevit
504 1604 534 1656 in
545 1601 710 1672 praecordiisl

200 1671 274 1723 llum
285 1671 419 1738 viperinus
430 1671 473 1724 his
484 1689 561 1725 cruor

168 1740 291 1793 Incoctus
302 1738 390 1792 herbis
400 1756 444 1792 me
454 1739 568 1794 fefellitl
586 1757 621 1794 an
632 1739 716 1792 melas

201 1807 312 1861 (lanidit
323 1809 450 1862 tractavit
462 1809 560 1879 depesl

167 1877 205 1930 Ut
214 1878 380 1944 Argonautas
392 1884 488 1946 praeter
499 1895 588 1932 omnes
600 1875 742 1931 candidum

202 1944 296 1998 Medos,
307 1945 403 1998 mirata
415 1951 455 1998 est
467 1946 569 2014 ducem,

168 2014 266 2084 Ignota
277 2013 361 2068 tauris
372 2014 412 2066 illi
447 2019 538 2068 turum
546 2018 614 2086 juga

202 2083 332 2137 Perunxit
344 2081 393 2136 hoc
421 2101 542 2148 asonem;

168 2153 226 2207 Hoc
238 2151 364 2206 delibutis
375 2152 433 2206 ulta
445 2153 520 2206 donis
532 2153 654 2224 pellicem

201 2221 327 2290 Serpente
339 2220 411 2290 fugit
422 2221 493 2276 alite.

165 2290 222 2344 Nec
234 2295 326 2344 tantus
338 2307 456 2359 unquam
468 2291 584 2344 siderum
595 2289 693 2344 insedit
705 2305 788 2358 vapor

202 2357 350 2412 Siticulosm
362 2359 475 2429 Apuliae,

166 2427 223 2481 Nec
233 2443 332 2480 munus
343 2427 459 2482 humeris
471 2429 584 2484 efficacis
596 2427 719 2482 Herculis

202 2495 300 2548 inarsit
312 2497 456 2550 oestuosius.

167 2561 211 2626 At,
224 2562 323 2629 siquid
336 2579 453 2631 unquam
466 2567 520 2619 tale
532 2566 719 2635 concupiveris,

201 2629 222 2683 J
223 2645 295 2682 ocose
308 2629 445 2699 Maeoenas,
457 2650 556 2698 precor,
