1908 2886
95 158 148 209 214
412 157 564 212 IlORA'lII

96 256 159 323 Nec,
171 275 253 327 quum
265 259 354 312 venari
366 259 436 312 volet
448 259 500 326 ille,
513 260 635 328 poemata
646 277 752 328 pangea
856 265 893 312 40

98 327 190 380 Gratia
202 329 238 382 sic
249 330 362 381 fratrum
374 329 545 396 geminorum,
558 329 713 396 Amphionis
726 335 806 396 atque

96 395 182 464 Zethi,
194 398 317 465 dissiluit,
329 398 411 450 donec
423 405 543 466 suspecta
556 415 643 450 severo

97 465 230 519 Conticuit
241 467 305 534 lyra.
340 467 474 520 Fratemis
486 467 590 520 cessisse
602 473 714 536 putatur

97 534 215 588 Moribus
227 535 374 604 Amphion:
393 542 424 588 tu
437 536 498 590 cedo
510 537 625 605 potentis
637 537 715 588 amici

97 603 212 658 Lenibus
224 605 348 674 imperiis,
361 606 514 674 quotiesque
526 606 619 658 educet
631 606 659 658 in
672 623 748 673 agros

97 673 192 727 AEtolis
203 680 311 728 onerata
323 675 407 745 plagis
415 677 538 743 jumenta
550 692 686 742 canesque,

97 743 181 811 Surge
193 749 220 796 et
231 744 381 797 inhumana
394 745 495 796 senium
507 745 607 812 depone
620 745 747 808 Gamenae,

98 811 188 866 (loenes
200 821 232 866 ut
243 815 341 882 pariter
353 813 490 882 pulmenta
501 813 632 866 laboribus
645 821 748 882 empta;

98 880 222 936 Romanis
235 883 358 937 sollemne
371 882 432 936 viris
446 901 516 951 opus,
531 883 596 935 utile
607 883 684 934 famae

98 950 220 1020 Vitesque
232 959 259 1005 et
270 953 400 1018 membris,
412 953 557 1021 praesertim
569 970 650 1021 quum
663 952 750 1004 valeas
762 956 790 1004 et
859 957 894 1005 50

98 1019 148 1073 Vel
160 1039 237 1076 cursu
250 1039 371 1090 superare
383 1038 475 1074 canem
487 1022 529 1074 vel
541 1021 639 1073 viribus
651 1039 746 1090 aprum

98 1088 190 1144 Possis.
226 1091 308 1158 Adde,
321 1091 408 1144 virilia
420 1091 488 1159 quod
501 1091 639 1159 speciosius
651 1109 724 1144 arma

98 1158 158 1213 Non
171 1166 210 1213 est
222 1161 268 1228 qui
280 1166 388 1213 tractet:
400 1161 484 1212 -scis
497 1177 548 1229 quo
561 1161 672 1213 clamore
685 1177 784 1212 coronae

98 1227 195 1283 Proelia
207 1230 334 1282 sustineas
346 1230 515 1298 campestria;
527 1230 686 1296 -denique
698 1246 792 1282 savam

98 1296 226 1352 Militiam
238 1317 303 1369 puer
314 1304 341 1352 et
353 1298 508 1352 Cantabrica
520 1299 589 1352 bella
600 1298 687 1351 tulisti

99 1366 154 1420 Sub
165 1369 240 1437 duce,
253 1369 299 1437 qui
311 1369 416 1436 templis
428 1368 585 1421 Parthorum
598 1369 673 1436 signa
684 1367 785 1436 refigit¹

99 1436 179 1491 Nunc
191 1444 224 1506 et,
238 1438 259 1490 si
271 1437 335 1506 quid
347 1437 427 1503 abest,
441 1433 516 1490 Italis
529 1438 665 1506 adjudicat
676 1438 761 1491 armis.

99 1507 145 1572 Ac,
157 1537 193 1547 -
204 1525 238 1560 ne
250 1515 277 1560 te
288 1507 405 1560 retrahas
417 1512 444 1559 et
455 1507 640 1560 inexcusabilis
653 1507 722 1560 absis
733 1535 775 1574 -‚

101 1575 226 1639 Quamvis
238 1577 277 1628 nil
290 1583 366 1628 extra
377 1593 517 1628 numerum
528 1577 619 1629 fecisse
631 1577 788 1644 modumque

101 1645 195 1698 Guras:
213 1645 347 1698 interdum
359 1646 467 1714 nugaris
479 1662 539 1698 rure
550 1651 660 1715 paterno
667 1666 675 1710 ;
863 1649 898 1700 60

102 1714 220 1767 Partitur
232 1715 323 1767 lintres
336 1715 473 1779 exercitus,
486 1715 564 1768 Actia
576 1733 666 1784 pugna

101 1783 137 1837 lle
150 1785 217 1838 duce
230 1801 276 1853 per
288 1801 381 1852 pueros
393 1784 483 1836 hostili
494 1801 565 1836 more
576 1785 695 1850 refertur,

101 1852 272 1908 Adversarius
284 1859 323 1906 est
335 1855 423 1920 frater,
436 1854 508 1906 lacus
521 1853 629 1921 Hadria,
641 1855 723 1907 donec

102 1923 266 1978 Alterutrum
278 1923 355 1975 velox
368 1923 485 1976 Victoria
496 1924 588 1976 fronde
600 1930 712 1977 coronet.

102 1993 252 2047 Consentire
265 1993 317 2045 suis
330 1993 423 2045 studiis
436 1992 481 2060 qui
494 1993 632 2046 crediderit
644 2000 678 2058 te,

102 2061 201 2116 Fautor
212 2069 322 2130 utroque
334 2068 411 2115 tuum
423 2062 543 2115 laudabit
555 2063 648 2131 pollice
660 2061 760 2116 ludum

103 2131 226 2186 Protinus
238 2139 270 2186 ut
282 2149 401 2184 moneam
412 2159 448 2169 -
460 2133 482 2184 si
494 2132 558 2200 quid
570 2133 704 2184 monitoris
717 2149 777 2200 eges
790 2133 823 2185 tu
838 2164 885 2200 —,

104 2201 173 2266 Quid
186 2204 218 2256 de
230 2219 331 2271 quoque
343 2201 399 2254 viro
411 2205 438 2253 et
449 2201 492 2253 cui
505 2201 583 2268 dicas,
596 2219 663 2269 saepe
675 2200 771 2254 videto.

103 2269 314 2325 Percontatorem
326 2271 419 2340 fugito,
432 2289 494 2322 nam
506 2271 627 2338 garrulus
639 2271 708 2322 idem
721 2277 768 2336 est,

103 2339 159 2393 Nec
170 2341 285 2393 retinent
297 2340 396 2408 patulae
409 2340 544 2394 commissa
556 2340 667 2391 fideliter
679 2357 762 2406 aures,
868 2343 905 2395 '70

104 2409 140 2462 Et
152 2409 230 2462 semel
243 2410 365 2461 emissum
377 2410 450 2463 volat
460 2408 629 2461 irrevocabile
641 2409 756 2461 verbum.

104 2477 164 2531 Non
176 2479 272 2530 ancilla
284 2485 361 2530 tuum
369 2481 443 2546 jecur
455 2478 554 2530 ulceret
566 2478 621 2530 ulla
633 2495 729 2546 puerve

105 2546 180 2598 Intra
192 2564 366 2598 marmoreum
378 2547 519 2598 venerandi
531 2548 612 2600 limen
625 2548 709 2614 amici,

105 2613 145 2665 Ne
157 2613 277 2665 dominus
289 2615 364 2680 pueri
376 2615 480 2682 pulchri
493 2632 590 2668 caraeve
603 2617 696 2685 puellae

456 2697 463 2724 ¹
478 2703 544 2740 reduit
