1908 2886
154 111 205 162 20⁸
466 117 621 170 HORATII

149 215 259 270 uacus
270 221 329 271 uter
340 216 426 298 plures
438 215 544 284 lepores,
556 218 615 266 uter
626 212 720 264 educet
732 229 815 283 apros,

150 285 217 339 Utra
228 287 311 355 magis
322 302 405 356 pisces
417 291 444 338 et
456 283 560 336 echinos
572 299 675 351 aequora
687 281 780 347 celent,

150 354 181 406 P·
220 356 259 408 uis
270 361 302 408 ut
313 355 375 407 iude
387 353 493 407 domum
504 353 600 421 possim
612 351 760 419 Phaeaxque
771 350 887 415 reverti3

151 423 206 476 Scri
238 441 265 476 re
277 430 304 477 te
315 423 396 491 nobis,
408 423 458 476 tibi
469 439 516 474 nos
528 421 661 474 accredere
673 437 720 488 par
732 425 779 474 est.

150 492 269 560 Manius,
282 499 313 545 ut
324 493 401 546 rebus
413 492 538 545 maternis
549 496 629 558 atque
640 489 755 558 paternis

150 561 264 615 Fortiter
275 561 419 632 absumptis
431 560 545 614 urbanus
557 559 637 627 coepit
647 557 746 626 haberi,
787 617 795 636 ἱ

150 629 244 684 Scurra
255 649 345 699 vagus,
357 649 409 684 non
421 631 467 700 qui
479 636 579 682 certum
591 644 705 697 praesope
717 633 826 695 teneret,

150 699 304 769 impransus
316 719 368 753 non
380 701 426 770 qui
438 700 521 752 civem
533 699 694 765 dignosceret
705 696 787 764 hoste,

150 769 282 831 Quaeubet
293 771 322 822 in
334 771 450 838 quemvis
462 768 599 837 opprobria
610 767 707 834 fingere
719 783 811 832 savus,
900 765 929 815 30

151 839 281 892 Pernicies
293 846 321 893 et
332 845 472 908 tempestas
485 837 688 905 barathrumque
699 835 812 902 macelli,

151 908 288 977 Quidquid
299 909 444 978 quaesierat,
457 907 543 960 ventri
555 905 670 958 donabat
681 921 766 957 avaro.
935 901 936 964 ι

151 978 210 1046 Hic,
223 978 268 1032 ubi
280 978 403 1047 nequitiae
415 976 560 1029 fautoribus
572 981 599 1027 et
611 974 710 1026 timidis
722 973 762 1026 nil

150 1048 206 1100 Aut
218 1047 337 1116 paullum
348 1045 499 1112 abstulerat,
512 1045 616 1113 patinas
628 1043 747 1096 coenabat
759 1041 847 1110 omasi,

152 1117 218 1168 Vilis
231 1123 258 1169 et
269 1116 379 1184 agnina,
392 1116 475 1168 tribus
487 1114 554 1166 ursis
566 1113 636 1183 quod
648 1113 711 1166 satis
723 1119 804 1176 ssset;

150 1184 257 1238 Scilicet
269 1193 300 1238 ut
312 1192 414 1237 ventres
426 1185 514 1236 lamna
525 1184 653 1236 candente
666 1187 791 1250 nepotum

152 1254 257 1308 Diceret
269 1255 386 1322 urendos,
398 1262 525 1306 corrector
537 1253 647 1306 Bestius.
682 1251 757 1304 Idem

152 1324 286 1393 Quidquid
298 1331 354 1377 erat
365 1331 458 1376 nactus
470 1322 564 1391 praedae
576 1321 689 1388 majoris,
701 1320 744 1373 ubi
757 1337 834 1374 omne

151 1391 272 1444 Verterat
284 1392 313 1444 in
324 1394 427 1445 fumum
438 1405 465 1444 et
478 1391 599 1458 cinerem,
614 1390 697 1442 “Non
710 1390 824 1442 Hercule
835 1385 926 1452 miror‚'’

151 1460 251 1526 Aiebat,
266 1462 280 1488 “
289 1461 311 1514 si
324 1462 370 1530 qui
382 1461 523 1513 comedunt
534 1458 609 1526 bona,
622 1476 704 1526 quum
716 1460 751 1511 sit
762 1459 837 1512 obeso
895 1461 926 1508 40

149 1529 196 1582 Nil
208 1529 301 1582 melius
313 1530 398 1596 turdo,
411 1530 450 1581 nil
463 1529 542 1581 vulva
553 1529 689 1597 pulchrius
701 1527 813 1596 ampla.”

148 1597 280 1651 Nimirum
292 1597 335 1650 bic
348 1615 395 1666 ego
407 1614 480 1660 sum;
498 1613 559 1648 nam
571 1602 631 1648 tuta
643 1601 670 1648 et
681 1594 792 1664 parvula
802 1594 885 1660 laudo,

150 1668 237 1732 Quum
248 1683 288 1719 res
300 1667 433 1733 deliciunt,
446 1666 508 1718 satis
520 1665 589 1717 inter
600 1664 664 1718 vilia
675 1664 763 1727 fortis;

150 1739 254 1804 Verum,
266 1734 312 1788 ubi
324 1734 388 1804 quid
400 1735 492 1788 melius
505 1733 634 1802 contingit
645 1740 672 1786 et
685 1733 798 1802 unctius,
809 1732 876 1786 idem
934 1795 935 1800 η

149 1806 201 1860 Vos
213 1823 302 1875 sapere
314 1816 341 1858 et
353 1805 418 1858 solos
430 1805 470 1856 aio
482 1804 547 1857 bene
560 1804 653 1870 vivere,
666 1819 776 1871 quorum

149 1875 312 1946 Conspicitur
324 1876 415 1928 nitidis
426 1875 538 1927 fundata
549 1873 660 1942 pecunia
672 1871 748 1926 villis

276 2041 447 2097 masona
465 2039 617 2093 XVL-sn
631 2054 796 2100 ouruorruu.

148 2155 192 2210 Nn
203 2155 368 2227 perconteris,
381 2154 478 2208 fundus
489 2173 569 2222 meus,
582 2155 679 2224 optime
691 2153 806 2220 Quincti,

148 2226 218 2279 Ario
230 2233 321 2295 pascat
332 2225 432 2292 herum,
445 2243 480 2277 au
491 2224 576 2277 beccis
588 2223 723 2292 opulentet
735 2222 818 2290 olivae,

147 2292 276 2362 Pomisne‚
288 2312 323 2347 an
335 2295 424 2362 pratis,
436 2311 471 2346 an
483 2295 579 2346 amiota
590 2293 687 2346 sitibus
699 2291 778 2358 ulmo,

148 2361 280 2413 Scribstur
291 2361 341 2414 tibi
352 2363 435 2414 forma
447 2363 588 2430 loquaciter
599 2371 627 2414 et
639 2362 705 2414 situs
716 2361 780 2429 agri.

148 2427 272 2479 Continui
283 2435 391 2494 montes,
403 2431 432 2482 ni
444 2431 614 2482 dissocientur
625 2447 706 2499 opaca

148 2491 231 2558 Valle,
244 2495 288 2546 sed
301 2501 331 2546 ut
343 2498 448 2549 veniens
460 2499 581 2550 dextrum
594 2499 662 2550 latus
674 2499 802 2567 adspiciat
814 2496 864 2565 sol,

147 2557 254 2612 Larum
266 2561 399 2616 discedens
410 2583 487 2618 curru
499 2567 616 2634 fugiente
629 2574 741 2637 vaporet.
