1866 2874
99 88 149 138 106

408 79 566 136 HORATII

166 193 289 248 Libenter
299 191 349 244 hoe
361 195 388 243 et
400 206 476 242 omne
487 188 647 241 militabitur

200 263 304 316 Bellum
314 260 344 312 in
355 265 409 312 tuae
422 275 495 326 spem
506 257 607 325 gratias,

165 333 226 387 Non
238 337 270 392 nt
278 328 398 398 juvencis
409 327 513 394 illigata
524 325 646 394 pluribus

201 401 297 454 Aratre
308 398 429 450 nitantur
439 412 505 461 mee,
923 409 924 455 q

166 470 282 524 Peeusve
294 464 409 519 Oelabris
421 469 483 516 ante
495 463 567 515 sidus
578 461 710 515 fervidum
923 459 924 526 l

201 538 308 590 Lucana
319 538 405 587 mutet
416 531 527 600 pascuis,
923 561 924 566 η

167 607 259 674 Neque
270 610 302 656 ut
314 601 419 671 superni
431 599 495 652 ville
506 599 621 654 candens
632 597 740 650 Tusculi

203 675 300 728 Oiroaea
312 669 522 738 tangatmoenia.
860 669 892 720 30
923 719 924 722 Ἴ

168 745 238 799 Setis
250 756 377 860 Superqffi
387 755 430 790 me
442 736 652 804 benignitastun
923 747 924 752 ¹

203 812 321 865 Ditavrt:
374 806 412 858 ud
423 822 549 874 paravero

170 881 245 946 Quod
257 884 305 932 ant
316 893 410 930 avarus
423 880 454 927 ut
466 874 588 928 Chremes
600 878 670 927 terra
680 888 808 942 premam,

202 948 354 1003 Distinetus
365 949 413 998 aut
424 943 533 1013 perdam
544 959 631 1011 nepoe.

319 1128 468 1184 (lAltMllN
486 1128 666 1182 Imauus

168 1231 301 1285 “Burrus
313 1229 364 1295 illo,
376 1229 423 1296 qui
435 1224 526 1296 proeul
537 1225 658 1292 negotiis,
757 1248 760 1273 ,-

205 1299 243 1352 Ut
254 1298 339 1367 prisea
350 1311 414 1365 gens
422 1293 582 1360 mortalium,
814 1295 818 1302 '

171 1368 286 1423 Petema
296 1382 358 1418 rura
369 1363 450 1416 bobus
463 1367 567 1415 exercet
579 1361 640 1428 suis,

205 1436 312 1490 Solutus
323 1433 395 1486 omni
406 1432 502 1498 fenore,
804 1437 822 1491 ζ·
923 1463 924 1478 u

170 1505 263 1572 Neque
276 1503 409 1555 excitetur
420 1501 527 1554 cassim
538 1498 613 1551 miles
625 1496 701 1564 truci,
923 1547 924 1556 ,

205 1573 297 1640 Neque
308 1571 397 1624 horret
408 1570 506 1622 iretum
516 1583 595 1632 mare,

171 1641 320 1707 Eorumque
332 1641 400 1693 vitat
412 1643 440 1690 et
451 1636 563 1706 superba
575 1633 673 1688 civium

207 1709 387 1762 Potentiorum
398 1706 498 1759 limina
923 1719 924 1766 1

172 1778 242 1848 Ergo
254 1783 302 1831 aut
313 1776 406 1830 adulta
417 1775 514 1830 vitium
525 1771 668 1842 propagine
923 1773 924 1836 l

206 1846 447 1912 Altasmaritetpe
466 1843 529 1911 ulos,
865 1840 896 1889 10

171 1861 469 1970 Autinreduotavalll
480 1909 656 1979 mugientium
923 1903 924 1954 ἴ

207 1986 359 2054 Prospectat
371 1988 487 2036 ementes
498 1995 605 2049 gregem

172 2055 337 2123 inutilesque
348 2052 417 2104 falce
427 2067 513 2103 remos
525 2053 665 2116 amputans

206 2122 345 2176 Feliciores
356 2119 463 2182 inserit3

171 2193 227 2246 Aut
239 2207 328 2260 pressa
339 2189 412 2258 puris
423 2187 503 2240 mella
515 2184 605 2238 condit
616 2181 765 2250 amphoris5

206 2263 262 2312 Aut
273 2259 366 2312 tondet
376 2256 494 2310 infirmas
506 2271 580 2317 oves;

172 2329 223 2382 Vel
235 2343 318 2394 quum
329 2327 452 2378 deoorum
463 2322 572 2376 mitibus
583 2319 668 2390 pomis
680 2324 761 2387 ceput

206 2394 359 2447 Autumnus
370 2392 440 2458 egris
452 2390 558 2456 extulit,

172 2463 211 2516 Ut
223 2459 322 2527 gaudet
333 2458 441 2510 insitiva
452 2458 592 2525 decerpens
604 2473 678 2524 pyra,

208 2529 358 2580 Oertentem
369 2528 397 2574 et
408 2535 488 2577 uv'am
499 2541 631 2592 purpura,
867 2523 924 2576 2οι

174 2595 233 2660 Qua
243 2595 396 2644 muneretur
407 2596 442 2657 te,
454 2591 556 2661 Priape,
568 2605 596 2644 et
607 2597 642 2659 te,
654 2595 731 2660 pater
923 2587 924 2606 l
