<?xml version="1.0" encoding="UTF-8"?>
<!DOCTYPE html PUBLIC "-//W3C//DTD XHTML 1.0 Transitional//EN"
    "http://www.w3.org/TR/xhtml1/DTD/xhtml1-transitional.dtd">
<html xmlns="http://www.w3.org/1999/xhtml" xml:lang="en" lang="en">
 <head>
  <title>
</title>
<meta http-equiv="Content-Type" content="text/html;charset=utf-8" />
  <meta name='ocr-system' content='tesseract 3.04.00' />
  <meta name='ocr-capabilities' content='ocr_page ocr_carea ocr_par ocr_line ocrx_word'/>
</head>
<body>
  <div class='ocr_page' id='page_1' title='image "./qhoratiiflaccio02horagoog_0142.png"; bbox 0 0 1866 2874; ppageno 0'>
   <div class='ocr_carea' id='block_1_1' title="bbox 88 109 803 168">
    <p class='ocr_par' dir='ltr' id='par_1_1' title="bbox 88 109 803 168">
     <span class='ocr_line' id='line_1_1' title="bbox 88 109 803 168; baseline -0.011 0"><span class='ocrx_word' id='word_1_1' title='bbox 88 163 91 168; x_wconf 93' lang='lat'>.</span> <span class='ocrx_word' id='word_1_2' title='bbox 202 109 348 164; x_wconf 82' lang='lat' dir='ltr'>EPODON</span> <span class='ocrx_word' id='word_1_3' title='bbox 366 109 473 163; x_wconf 76' lang='lat' dir='ltr'>cluit.</span> <span class='ocrx_word' id='word_1_4' title='bbox 493 111 601 162; x_wconf 75' lang='lat'>10—12.</span> <span class='ocrx_word' id='word_1_5' title='bbox 754 111 803 161; x_wconf 79' lang='lat'>117</span> 
     </span>
    </p>
   </div>
   <div class='ocr_carea' id='block_1_2' title="bbox 76 217 807 890">
    <p class='ocr_par' dir='ltr' id='par_1_2' title="bbox 77 217 645 286">
     <span class='ocr_line' id='line_1_2' title="bbox 77 217 645 286; baseline -0.007 -13"><span class='ocrx_word' id='word_1_6' title='bbox 77 218 129 273; x_wconf 87' lang='lat' dir='ltr'>Ubi</span> <span class='ocrx_word' id='word_1_7' title='bbox 140 219 198 272; x_wconf 79' lang='lat' dir='ltr'>haec</span> <span class='ocrx_word' id='word_1_8' title='bbox 209 235 316 272; x_wconf 82' lang='lat' dir='ltr'>severus</span> <span class='ocrx_word' id='word_1_9' title='bbox 328 222 355 270; x_wconf 85' lang='lat' dir='ltr'>te</span> <span class='ocrx_word' id='word_1_10' title='bbox 367 217 456 286; x_wconf 73' lang='lat' dir='ltr'>pulum</span> <span class='ocrx_word' id='word_1_11' title='bbox 468 217 645 283; x_wconf 70' lang='lat' dir='ltr'><strong>laudaveram,</strong></span> 
     </span>
    </p>

    <p class='ocr_par' dir='ltr' id='par_1_3' title="bbox 76 286 807 424">
     <span class='ocr_line' id='line_1_3' title="bbox 111 286 807 356; baseline -0.003 -15"><span class='ocrx_word' id='word_1_12' title='bbox 111 289 130 341; x_wconf 88' lang='lat' dir='ltr'><strong>J</strong></span> <span class='ocrx_word' id='word_1_13' title='bbox 133 306 207 340; x_wconf 86' lang='lat' dir='ltr'>ussus</span> <span class='ocrx_word' id='word_1_14' title='bbox 220 287 292 340; x_wconf 80' lang='lat' dir='ltr'>abire</span> <span class='ocrx_word' id='word_1_15' title='bbox 305 288 412 340; x_wconf 86' lang='lat' dir='ltr'>domum</span> <span class='ocrx_word' id='word_1_16' title='bbox 424 286 526 339; x_wconf 73' lang='lat' dir='ltr'>ferebar</span> <span class='ocrx_word' id='word_1_17' title='bbox 538 287 637 338; x_wconf 87' lang='lat' dir='ltr'>incerto</span> <span class='ocrx_word' id='word_1_18' title='bbox 649 287 718 356; x_wconf 83' lang='lat' dir='ltr'>pede</span> <span class='ocrx_word' id='word_1_19' title='bbox 771 289 807 339; x_wconf 73' lang='lat'>20</span> 
     </span>
     <span class='ocr_line' id='line_1_4' title="bbox 76 353 686 424; baseline -0.007 -15"><span class='ocrx_word' id='word_1_20' title='bbox 76 357 118 409; x_wconf 77' lang='lat' dir='ltr'>Ad</span> <span class='ocrx_word' id='word_1_21' title='bbox 131 375 182 408; x_wconf 88' lang='lat' dir='ltr'>non</span> <span class='ocrx_word' id='word_1_22' title='bbox 195 357 300 421; x_wconf 73' lang='lat' dir='ltr'>amicos,</span> <span class='ocrx_word' id='word_1_23' title='bbox 313 356 366 407; x_wconf 91' lang='lat' dir='ltr'>heu</span> <span class='ocrx_word' id='word_1_24' title='bbox 377 359 383 408; x_wconf 85' lang='lat' dir='ltr'>l</span> <span class='ocrx_word' id='word_1_25' title='bbox 404 356 471 407; x_wconf 91' lang='lat' dir='ltr'>mihi</span> <span class='ocrx_word' id='word_1_26' title='bbox 484 362 569 424; x_wconf 86' lang='lat' dir='ltr'>postes</span> <span class='ocrx_word' id='word_1_27' title='bbox 582 363 609 406; x_wconf 91' lang='lat' dir='ltr'>et</span> <span class='ocrx_word' id='word_1_28' title='bbox 621 353 686 408; x_wconf 79' lang='lat' dir='ltr'>heu!</span> 
     </span>
    </p>

    <p class='ocr_par' dir='ltr' id='par_1_4' title="bbox 77 423 763 562">
     <span class='ocr_line' id='line_1_5' title="bbox 111 423 763 494; baseline 0.002 -17"><span class='ocrx_word' id='word_1_29' title='bbox 111 426 216 477; x_wconf 80' lang='lat' dir='ltr'><strong>Limina</strong></span> <span class='ocrx_word' id='word_1_30' title='bbox 228 426 303 490; x_wconf 80' lang='lat' dir='ltr'>dura,</span> <span class='ocrx_word' id='word_1_31' title='bbox 316 425 410 494; x_wconf 89' lang='lat' dir='ltr'>quibus</span> <span class='ocrx_word' id='word_1_32' title='bbox 423 423 524 476; x_wconf 88' lang='lat' dir='ltr'>lumbos</span> <span class='ocrx_word' id='word_1_33' title='bbox 536 431 564 476; x_wconf 87' lang='lat' dir='ltr'>et</span> <span class='ocrx_word' id='word_1_34' title='bbox 575 424 671 492; x_wconf 82' lang='lat' dir='ltr'>infregi</span> <span class='ocrx_word' id='word_1_35' title='bbox 684 425 763 479; x_wconf 72' lang='lat' dir='ltr'>latus.</span> 
     </span>
     <span class='ocr_line' id='line_1_6' title="bbox 77 492 661 562; baseline -0.003 -16"><span class='ocrx_word' id='word_1_36' title='bbox 77 493 158 547; x_wconf 79' lang='lat' dir='ltr'>Nunc</span> <span class='ocrx_word' id='word_1_37' title='bbox 170 494 308 562; x_wconf 79' lang='lat' dir='ltr'>gloriantis</span> <span class='ocrx_word' id='word_1_38' title='bbox 321 492 467 560; x_wconf 79' lang='lat' dir='ltr'>quamlibet</span> <span class='ocrx_word' id='word_1_39' title='bbox 478 492 661 544; x_wconf 80' lang='lat' dir='ltr'>mulierculam</span> 
     </span>
    </p>

    <p class='ocr_par' dir='ltr' id='par_1_5' title="bbox 77 562 702 699">
     <span class='ocr_line' id='line_1_7' title="bbox 112 562 702 629; baseline -0.002 -14"><span class='ocrx_word' id='word_1_40' title='bbox 112 562 224 615; x_wconf 81' lang='lat' dir='ltr'>Vincere</span> <span class='ocrx_word' id='word_1_41' title='bbox 235 563 348 614; x_wconf 90' lang='lat' dir='ltr'>mollitie</span> <span class='ocrx_word' id='word_1_42' title='bbox 360 579 433 613; x_wconf 79' lang='lat' dir='ltr'>umor</span> <span class='ocrx_word' id='word_1_43' title='bbox 445 562 546 629; x_wconf 82' lang='lat' dir='ltr'>Lycisci</span> <span class='ocrx_word' id='word_1_44' title='bbox 558 578 600 612; x_wconf 90' lang='lat' dir='ltr'>me</span> <span class='ocrx_word' id='word_1_45' title='bbox 613 567 702 626; x_wconf 87' lang='lat' dir='ltr'>tenet;</span> 
     </span>
     <span class='ocr_line' id='line_1_8' title="bbox 77 631 625 699; baseline -0.004 -15"><span class='ocrx_word' id='word_1_46' title='bbox 77 631 157 684; x_wconf 86' lang='lat' dir='ltr'>Unde</span> <span class='ocrx_word' id='word_1_47' title='bbox 169 632 292 699; x_wconf 83' lang='lat' dir='ltr'>expedire</span> <span class='ocrx_word' id='word_1_48' title='bbox 304 648 358 683; x_wconf 92' lang='lat' dir='ltr'>non</span> <span class='ocrx_word' id='word_1_49' title='bbox 370 631 514 682; x_wconf 81' lang='lat' dir='ltr'>amicorum</span> <span class='ocrx_word' id='word_1_50' title='bbox 526 635 625 698; x_wconf 73' lang='lat' dir='ltr'>queunt</span> 
     </span>
    </p>

    <p class='ocr_par' dir='ltr' id='par_1_6' title="bbox 77 699 681 890">
     <span class='ocr_line' id='line_1_9' title="bbox 112 699 681 766; baseline -0.002 -13"><span class='ocrx_word' id='word_1_51' title='bbox 112 700 207 753; x_wconf 79' lang='lat' dir='ltr'>Libera</span> <span class='ocrx_word' id='word_1_52' title='bbox 219 700 329 752; x_wconf 77' lang='lat' dir='ltr'>consilio</span> <span class='ocrx_word' id='word_1_53' title='bbox 340 717 389 752; x_wconf 86' lang='lat' dir='ltr'>nee</span> <span class='ocrx_word' id='word_1_54' title='bbox 401 699 568 751; x_wconf 78' lang='lat' dir='ltr'>contumeliae</span> <span class='ocrx_word' id='word_1_55' title='bbox 580 715 681 766; x_wconf 67' lang='lat' dir='ltr'>mres,</span> 
     </span>
     <span class='ocr_line' id='line_1_10' title="bbox 77 767 599 890; baseline -0.01 -68"><span class='ocrx_word' id='word_1_56' title='bbox 77 769 130 822; x_wconf 75' lang='lat' dir='ltr'>Sed</span> <span class='ocrx_word' id='word_1_57' title='bbox 142 769 210 821; x_wconf 82' lang='lat' dir='ltr'>nlius</span> <span class='ocrx_word' id='word_1_58' title='bbox 223 769 300 821; x_wconf 76' lang='lat' dir='ltr'>ardor</span> <span class='ocrx_word' id='word_1_59' title='bbox 312 775 360 820; x_wconf 80' lang='lat' dir='ltr'>eut</span> <span class='ocrx_word' id='word_1_60' title='bbox 371 767 468 890; x_wconf 76' lang='lat' dir='ltr'>puelloe</span> <span class='ocrx_word' id='word_1_61' title='bbox 481 767 599 820; x_wconf 71' lang='lat' dir='ltr'>candidu</span> 
     </span>
    </p>
   </div>
   <div class='ocr_carea' id='block_1_3' title="bbox 5 836 762 918">
    <p class='ocr_par' dir='ltr' id='par_1_7' title="bbox 5 836 762 918">
     <span class='ocr_line' id='line_1_11' title="bbox 5 836 762 918; baseline 0 -28"><span class='ocrx_word' id='word_1_62' title='bbox 5 857 7 918; x_wconf 53' lang='lat' dir='ltr'>p</span> <span class='ocrx_word' id='word_1_63' title='bbox 112 839 170 891; x_wconf 83' lang='lat' dir='ltr'>Aut</span> <span class='ocrx_word' id='word_1_64' title='bbox 181 838 272 890; x_wconf 85' lang='lat' dir='ltr'>teretis</span> <span class='ocrx_word' id='word_1_65' title='bbox 284 837 359 906; x_wconf 86' lang='lat' dir='ltr'>pueri</span> <span class='ocrx_word' id='word_1_66' title='bbox 381 853 478 904; x_wconf 74' lang='lat' dir='ltr'>ongum</span> <span class='ocrx_word' id='word_1_67' title='bbox 488 836 641 890; x_wconf 72' lang='lat' dir='ltr'>renodantis</span> <span class='ocrx_word' id='word_1_68' title='bbox 653 851 762 890; x_wconf 73' lang='lat' dir='ltr'>comum.</span> 
     </span>
    </p>
   </div>
   <div class='ocr_carea' id='block_1_4' title="bbox 5 1009 709 1107">
    <p class='ocr_par' dir='ltr' id='par_1_8' title="bbox 5 1009 709 1107">
     <span class='ocr_line' id='line_1_12' title="bbox 5 1009 709 1107; baseline 0.01 -7"><span class='ocrx_word' id='word_1_69' title='bbox 5 1009 7 1100; x_wconf 84' lang='lat' dir='ltr'>l</span> <span class='ocrx_word' id='word_1_70' title='bbox 110 1053 260 1107; x_wconf 80' lang='lat' dir='ltr'><strong>OARMEN</strong></span> <span class='ocrx_word' id='word_1_71' title='bbox 277 1053 407 1106; x_wconf 76' lang='lat' dir='ltr'>llll-rr</span> <span class='ocrx_word' id='word_1_72' title='bbox 420 1069 501 1106; x_wconf 76' lang='lat' dir='ltr'>mu</span> <span class='ocrx_word' id='word_1_73' title='bbox 514 1069 709 1107; x_wconf 75' lang='lat' dir='ltr'>nmmruosu.</span> 
     </span>
    </p>
   </div>
   <div class='ocr_carea' id='block_1_5' title="bbox 47 1175 818 2688">
    <p class='ocr_par' dir='ltr' id='par_1_9' title="bbox 47 1175 727 1314">
     <span class='ocr_line' id='line_1_13' title="bbox 47 1175 727 1246; baseline 0.001 -15"><span class='ocrx_word' id='word_1_74' title='bbox 47 1177 122 1244; x_wconf 77' lang='lat' dir='ltr'>Qun&gt;</span> <span class='ocrx_word' id='word_1_75' title='bbox 135 1177 187 1230; x_wconf 81' lang='lat' dir='ltr'>tibi</span> <span class='ocrx_word' id='word_1_76' title='bbox 198 1177 246 1245; x_wconf 83' lang='lat' dir='ltr'>ris,</span> <span class='ocrx_word' id='word_1_77' title='bbox 257 1177 354 1230; x_wconf 88' lang='lat' dir='ltr'>mulier</span> <span class='ocrx_word' id='word_1_78' title='bbox 364 1178 448 1246; x_wconf 77' lang='lat' dir='ltr'>nigris</span> <span class='ocrx_word' id='word_1_79' title='bbox 460 1177 614 1245; x_wconf 77' lang='lat' dir='ltr'>dignissime</span> <span class='ocrx_word' id='word_1_80' title='bbox 626 1175 727 1232; x_wconf 74' lang='lat' dir='ltr'>barrisl</span> 
     </span>
     <span class='ocr_line' id='line_1_14' title="bbox 80 1246 583 1314; baseline 0.002 -15"><span class='ocrx_word' id='word_1_81' title='bbox 80 1247 196 1299; x_wconf 80' lang='lat' dir='ltr'>Munere</span> <span class='ocrx_word' id='word_1_82' title='bbox 207 1247 272 1314; x_wconf 91' lang='lat' dir='ltr'>quid</span> <span class='ocrx_word' id='word_1_83' title='bbox 284 1246 352 1298; x_wconf 90' lang='lat' dir='ltr'>mihi</span> <span class='ocrx_word' id='word_1_84' title='bbox 363 1247 460 1314; x_wconf 89' lang='lat' dir='ltr'>quidve</span> <span class='ocrx_word' id='word_1_85' title='bbox 472 1247 583 1300; x_wconf 72' lang='lat' dir='ltr'>tabellas</span> 
     </span>
    </p>

    <p class='ocr_par' dir='ltr' id='par_1_10' title="bbox 49 1314 682 1453">
     <span class='ocr_line' id='line_1_15' title="bbox 49 1314 682 1383; baseline -0.002 -14"><span class='ocrx_word' id='word_1_86' title='bbox 49 1315 139 1369; x_wconf 83' lang='lat' dir='ltr'>Mittis</span> <span class='ocrx_word' id='word_1_87' title='bbox 150 1333 200 1367; x_wconf 88' lang='lat' dir='ltr'>nec</span> <span class='ocrx_word' id='word_1_88' title='bbox 212 1315 287 1368; x_wconf 87' lang='lat' dir='ltr'>firmo</span> <span class='ocrx_word' id='word_1_89' title='bbox 296 1316 390 1382; x_wconf 86' lang='lat' dir='ltr'>juveni</span> <span class='ocrx_word' id='word_1_90' title='bbox 402 1332 487 1383; x_wconf 83' lang='lat' dir='ltr'>neque</span> <span class='ocrx_word' id='word_1_91' title='bbox 499 1317 570 1368; x_wconf 80' lang='lat' dir='ltr'>nuris</span> <span class='ocrx_word' id='word_1_92' title='bbox 581 1314 682 1368; x_wconf 78' lang='lat' dir='ltr'>obesoel</span> 
     </span>
     <span class='ocr_line' id='line_1_16' title="bbox 82 1384 530 1453; baseline -0.004 -15"><span class='ocrx_word' id='word_1_93' title='bbox 82 1385 206 1453; x_wconf 76' lang='lat' dir='ltr'>Namque</span> <span class='ocrx_word' id='word_1_94' title='bbox 219 1384 339 1451; x_wconf 78' lang='lat' dir='ltr'>ssgocius</span> <span class='ocrx_word' id='word_1_95' title='bbox 351 1401 420 1436; x_wconf 86' lang='lat' dir='ltr'>unus</span> <span class='ocrx_word' id='word_1_96' title='bbox 432 1385 530 1451; x_wconf 85' lang='lat' dir='ltr'>odoror,</span> 
     </span>
    </p>

    <p class='ocr_par' dir='ltr' id='par_1_11' title="bbox 49 1452 736 1587">
     <span class='ocr_line' id='line_1_17' title="bbox 49 1452 736 1523; baseline -0.001 -16"><span class='ocrx_word' id='word_1_97' title='bbox 49 1453 166 1523; x_wconf 82' lang='lat' dir='ltr'>Polypus</span> <span class='ocrx_word' id='word_1_98' title='bbox 178 1471 214 1506; x_wconf 79' lang='lat' dir='ltr'>nn</span> <span class='ocrx_word' id='word_1_99' title='bbox 226 1453 314 1520; x_wconf 73' lang='lat' dir='ltr'>gravis</span> <span class='ocrx_word' id='word_1_100' title='bbox 326 1453 435 1506; x_wconf 83' lang='lat' dir='ltr'>hirsutis</span> <span class='ocrx_word' id='word_1_101' title='bbox 447 1454 525 1506; x_wconf 84' lang='lat' dir='ltr'>cubet</span> <span class='ocrx_word' id='word_1_102' title='bbox 537 1453 626 1506; x_wconf 86' lang='lat' dir='ltr'>hircus</span> <span class='ocrx_word' id='word_1_103' title='bbox 638 1453 667 1504; x_wconf 91' lang='lat' dir='ltr'>in</span> <span class='ocrx_word' id='word_1_104' title='bbox 679 1452 736 1521; x_wconf 75' lang='lat' dir='ltr'>elis,</span> 
     </span>
     <span class='ocr_line' id='line_1_18' title="bbox 83 1522 553 1587; baseline 0.006 -15"><span class='ocrx_word' id='word_1_105' title='bbox 83 1523 171 1587; x_wconf 79' lang='lat' dir='ltr'>Quum</span> <span class='ocrx_word' id='word_1_106' title='bbox 183 1523 256 1574; x_wconf 78' lang='lat' dir='ltr'>canis</span> <span class='ocrx_word' id='word_1_107' title='bbox 268 1538 335 1587; x_wconf 81' lang='lat' dir='ltr'>scer,</span> <span class='ocrx_word' id='word_1_108' title='bbox 347 1522 394 1574; x_wconf 92' lang='lat' dir='ltr'>ubi</span> <span class='ocrx_word' id='word_1_109' title='bbox 406 1522 489 1574; x_wconf 70' lang='lat' dir='ltr'>lateat</span> <span class='ocrx_word' id='word_1_110' title='bbox 501 1540 553 1576; x_wconf 89' lang='lat' dir='ltr'>sus.</span> 
     </span>
    </p>

    <p class='ocr_par' dir='ltr' id='par_1_12' title="bbox 52 1589 788 1728">
     <span class='ocr_line' id='line_1_19' title="bbox 52 1589 788 1660; baseline -0.004 -15"><span class='ocrx_word' id='word_1_111' title='bbox 52 1591 114 1656; x_wconf 81' lang='lat' dir='ltr'>Quis</span> <span class='ocrx_word' id='word_1_112' title='bbox 126 1592 207 1644; x_wconf 87' lang='lat' dir='ltr'>sudor</span> <span class='ocrx_word' id='word_1_113' title='bbox 219 1591 296 1643; x_wconf 84' lang='lat' dir='ltr'>vietis</span> <span class='ocrx_word' id='word_1_114' title='bbox 308 1596 335 1642; x_wconf 89' lang='lat' dir='ltr'>et</span> <span class='ocrx_word' id='word_1_115' title='bbox 347 1607 427 1658; x_wconf 82' lang='lat' dir='ltr'>quem</span> <span class='ocrx_word' id='word_1_116' title='bbox 439 1591 524 1644; x_wconf 82' lang='lat' dir='ltr'>melus</span> <span class='ocrx_word' id='word_1_117' title='bbox 537 1591 653 1660; x_wconf 86' lang='lat' dir='ltr'>undique</span> <span class='ocrx_word' id='word_1_118' title='bbox 664 1589 788 1643; x_wconf 84' lang='lat' dir='ltr'>membris</span> 
     </span>
     <span class='ocr_line' id='line_1_20' title="bbox 85 1659 539 1728; baseline -0.002 -15"><span class='ocrx_word' id='word_1_119' title='bbox 85 1661 185 1713; x_wconf 79' lang='lat' dir='ltr'>Crescit</span> <span class='ocrx_word' id='word_1_120' title='bbox 197 1659 267 1726; x_wconf 87' lang='lat' dir='ltr'>odor,</span> <span class='ocrx_word' id='word_1_121' title='bbox 281 1677 364 1726; x_wconf 86' lang='lat' dir='ltr'>quum</span> <span class='ocrx_word' id='word_1_122' title='bbox 376 1677 443 1728; x_wconf 86' lang='lat' dir='ltr'>pene</span> <span class='ocrx_word' id='word_1_123' title='bbox 455 1661 539 1712; x_wconf 90' lang='lat' dir='ltr'>soluto</span> 
     </span>
    </p>

    <p class='ocr_par' dir='ltr' id='par_1_13' title="bbox 54 1728 811 1865">
     <span class='ocr_line' id='line_1_21' title="bbox 54 1728 729 1796; baseline -0.001 -15"><span class='ocrx_word' id='word_1_124' title='bbox 54 1729 213 1782; x_wconf 76' lang='lat' dir='ltr'>Indomitum</span> <span class='ocrx_word' id='word_1_125' title='bbox 225 1735 348 1796; x_wconf 79' lang='lat' dir='ltr'>properet</span> <span class='ocrx_word' id='word_1_126' title='bbox 359 1730 458 1780; x_wconf 81' lang='lat' dir='ltr'>rabiem</span> <span class='ocrx_word' id='word_1_127' title='bbox 468 1729 573 1790; x_wconf 79' lang='lat' dir='ltr'>sedere;</span> <span class='ocrx_word' id='word_1_128' title='bbox 589 1745 676 1796; x_wconf 85' lang='lat' dir='ltr'>neque</span> <span class='ocrx_word' id='word_1_129' title='bbox 687 1728 729 1780; x_wconf 92' lang='lat' dir='ltr'>illi</span> 
     </span>
     <span class='ocr_line' id='line_1_22' title="bbox 85 1796 811 1865; baseline -0.006 -14"><span class='ocrx_word' id='word_1_130' title='bbox 85 1799 104 1851; x_wconf 88' lang='lat' dir='ltr'><strong>J</strong></span> <span class='ocrx_word' id='word_1_131' title='bbox 106 1816 150 1850; x_wconf 86' lang='lat' dir='ltr'>em</span> <span class='ocrx_word' id='word_1_132' title='bbox 162 1805 255 1849; x_wconf 80' lang='lat' dir='ltr'>munet</span> <span class='ocrx_word' id='word_1_133' title='bbox 267 1797 377 1850; x_wconf 78' lang='lat' dir='ltr'>humida</span> <span class='ocrx_word' id='word_1_134' title='bbox 389 1805 461 1850; x_wconf 77' lang='lat' dir='ltr'>crete</span> <span class='ocrx_word' id='word_1_135' title='bbox 474 1798 594 1865; x_wconf 87' lang='lat' dir='ltr'>colorque</span> <span class='ocrx_word' id='word_1_136' title='bbox 780 1796 811 1848; x_wconf 88' lang='grc'>10</span> 
     </span>
    </p>

    <p class='ocr_par' dir='ltr' id='par_1_14' title="bbox 52 1865 675 2004">
     <span class='ocr_line' id='line_1_23' title="bbox 52 1865 675 1934; baseline -0.002 -15"><span class='ocrx_word' id='word_1_137' title='bbox 52 1865 170 1919; x_wconf 77' lang='lat' dir='ltr'>Stercore</span> <span class='ocrx_word' id='word_1_138' title='bbox 182 1867 289 1918; x_wconf 76' lang='lat' dir='ltr'>fucatus</span> <span class='ocrx_word' id='word_1_139' title='bbox 301 1867 429 1931; x_wconf 78' lang='lat' dir='ltr'>crocodili,</span> <span class='ocrx_word' id='word_1_140' title='bbox 438 1868 545 1934; x_wconf 76' lang='lat' dir='ltr'>jamque</span> <span class='ocrx_word' id='word_1_141' title='bbox 558 1865 675 1918; x_wconf 74' lang='lat' dir='ltr'>subando</span> 
     </span>
     <span class='ocr_line' id='line_1_24' title="bbox 87 1934 542 2004; baseline 0.004 -17"><span class='ocrx_word' id='word_1_142' title='bbox 87 1935 172 1988; x_wconf 77' lang='lat' dir='ltr'>&#39;lente</span> <span class='ocrx_word' id='word_1_143' title='bbox 185 1934 284 1988; x_wconf 78' lang='lat' dir='ltr'>cubilia</span> <span class='ocrx_word' id='word_1_144' title='bbox 295 1941 417 2002; x_wconf 76' lang='lat' dir='ltr'>tectoque</span> <span class='ocrx_word' id='word_1_145' title='bbox 428 1934 542 2004; x_wconf 90' lang='lat' dir='ltr'>rumpit!</span> 
     </span>
    </p>

    <p class='ocr_par' dir='ltr' id='par_1_15' title="bbox 54 2001 684 2140">
     <span class='ocr_line' id='line_1_25' title="bbox 54 2001 684 2072; baseline 0 -17"><span class='ocrx_word' id='word_1_146' title='bbox 54 2003 103 2055; x_wconf 77' lang='lat' dir='ltr'>vu</span> <span class='ocrx_word' id='word_1_147' title='bbox 113 2021 175 2056; x_wconf 82' lang='lat' dir='ltr'>mea</span> <span class='ocrx_word' id='word_1_148' title='bbox 188 2020 271 2072; x_wconf 90' lang='lat' dir='ltr'>quum</span> <span class='ocrx_word' id='word_1_149' title='bbox 283 2005 357 2056; x_wconf 84' lang='lat' dir='ltr'>saevis</span> <span class='ocrx_word' id='word_1_150' title='bbox 369 2003 455 2070; x_wconf 79' lang='lat' dir='ltr'>agitet</span> <span class='ocrx_word' id='word_1_151' title='bbox 467 2003 575 2056; x_wconf 79' lang='lat' dir='ltr'>fastidia</span> <span class='ocrx_word' id='word_1_152' title='bbox 586 2001 684 2055; x_wconf 79' lang='lat' dir='ltr'>verbis:</span> 
     </span>
     <span class='ocr_line' id='line_1_26' title="bbox 89 2073 562 2140; baseline -0.004 -15"><span class='ocrx_word' id='word_1_153' title='bbox 89 2073 104 2102; x_wconf 81' lang='lat'>‘⁴</span> <span class='ocrx_word' id='word_1_154' title='bbox 112 2073 225 2125; x_wconf 76' lang='lat' dir='ltr'>Inachio</span> <span class='ocrx_word' id='word_1_155' title='bbox 236 2073 346 2140; x_wconf 80' lang='lat' dir='ltr'>langues</span> <span class='ocrx_word' id='word_1_156' title='bbox 357 2074 446 2123; x_wconf 91' lang='lat' dir='ltr'>minus</span> <span class='ocrx_word' id='word_1_157' title='bbox 458 2089 489 2123; x_wconf 78' lang='lat' dir='ltr'>ec</span> <span class='ocrx_word' id='word_1_158' title='bbox 500 2089 562 2136; x_wconf 79' lang='lat' dir='ltr'>me;</span> 
     </span>
    </p>

    <p class='ocr_par' dir='ltr' id='par_1_16' title="bbox 57 2138 762 2277">
     <span class='ocr_line' id='line_1_27' title="bbox 57 2138 762 2208; baseline 0 -18"><span class='ocrx_word' id='word_1_159' title='bbox 57 2138 195 2192; x_wconf 70' lang='lat' dir='ltr'>Inachium</span> <span class='ocrx_word' id='word_1_160' title='bbox 206 2145 248 2192; x_wconf 83' lang='lat' dir='ltr'>ter</span> <span class='ocrx_word' id='word_1_161' title='bbox 259 2146 335 2192; x_wconf 87' lang='lat' dir='ltr'>nocte</span> <span class='ocrx_word' id='word_1_162' title='bbox 347 2147 428 2208; x_wconf 91' lang='lat' dir='ltr'>potes,</span> <span class='ocrx_word' id='word_1_163' title='bbox 440 2141 506 2192; x_wconf 92' lang='lat' dir='ltr'>mihi</span> <span class='ocrx_word' id='word_1_164' title='bbox 519 2157 620 2208; x_wconf 87' lang='lat' dir='ltr'>semper</span> <span class='ocrx_word' id='word_1_165' title='bbox 631 2139 665 2192; x_wconf 78' lang='lat' dir='ltr'>ud</span> <span class='ocrx_word' id='word_1_166' title='bbox 677 2155 762 2190; x_wconf 87' lang='lat' dir='ltr'>unum</span> 
     </span>
     <span class='ocr_line' id='line_1_28' title="bbox 91 2207 594 2277; baseline 0 -17"><span class='ocrx_word' id='word_1_167' title='bbox 91 2207 180 2262; x_wconf 92' lang='lat' dir='ltr'>Mollis</span> <span class='ocrx_word' id='word_1_168' title='bbox 193 2225 265 2276; x_wconf 91' lang='lat' dir='ltr'>opus.</span> <span class='ocrx_word' id='word_1_169' title='bbox 301 2207 395 2260; x_wconf 83' lang='lat' dir='ltr'>Pereat</span> <span class='ocrx_word' id='word_1_170' title='bbox 406 2209 482 2274; x_wconf 83' lang='lat' dir='ltr'>male,</span> <span class='ocrx_word' id='word_1_171' title='bbox 495 2225 554 2277; x_wconf 78' lang='lat' dir='ltr'>quse</span> <span class='ocrx_word' id='word_1_172' title='bbox 568 2216 594 2260; x_wconf 91' lang='lat' dir='ltr'>te</span> 
     </span>
    </p>

    <p class='ocr_par' dir='ltr' id='par_1_17' title="bbox 58 2276 718 2412">
     <span class='ocr_line' id='line_1_29' title="bbox 58 2276 718 2345; baseline -0.003 -17"><span class='ocrx_word' id='word_1_173' title='bbox 58 2276 150 2330; x_wconf 74' lang='lat' dir='ltr'>Lesbis</span> <span class='ocrx_word' id='word_1_174' title='bbox 162 2277 292 2345; x_wconf 87' lang='lat' dir='ltr'>quaerenti</span> <span class='ocrx_word' id='word_1_175' title='bbox 304 2283 412 2329; x_wconf 85' lang='lat' dir='ltr'>taurum</span> <span class='ocrx_word' id='word_1_176' title='bbox 423 2277 580 2329; x_wconf 79' lang='lat' dir='ltr'>monstravit</span> <span class='ocrx_word' id='word_1_177' title='bbox 591 2277 718 2338; x_wconf 69' lang='lat' dir='ltr'>inertem</span> 
     </span>
     <span class='ocr_line' id='line_1_30' title="bbox 94 2345 603 2412; baseline -0.004 -14"><span class='ocrx_word' id='word_1_178' title='bbox 94 2345 181 2409; x_wconf 83' lang='lat' dir='ltr'>Quum</span> <span class='ocrx_word' id='word_1_179' title='bbox 194 2345 261 2396; x_wconf 85' lang='lat' dir='ltr'>mihi</span> <span class='ocrx_word' id='word_1_180' title='bbox 273 2345 340 2397; x_wconf 76' lang='lat' dir='ltr'>Cous</span> <span class='ocrx_word' id='word_1_181' title='bbox 352 2347 454 2398; x_wconf 74' lang='lat' dir='ltr'>adesset</span> <span class='ocrx_word' id='word_1_182' title='bbox 466 2346 603 2412; x_wconf 84' lang='lat' dir='ltr'>Amyntas,</span> 
     </span>
    </p>

    <p class='ocr_par' dir='ltr' id='par_1_18' title="bbox 61 2412 818 2546">
     <span class='ocr_line' id='line_1_31' title="bbox 61 2412 723 2481; baseline -0.005 -16"><span class='ocrx_word' id='word_1_183' title='bbox 61 2412 138 2481; x_wconf 83' lang='lat' dir='ltr'>Gujus</span> <span class='ocrx_word' id='word_1_184' title='bbox 150 2417 181 2466; x_wconf 89' lang='lat' dir='ltr'>in</span> <span class='ocrx_word' id='word_1_185' title='bbox 192 2414 321 2465; x_wconf 88' lang='lat' dir='ltr'>indomito</span> <span class='ocrx_word' id='word_1_186' title='bbox 333 2415 494 2466; x_wconf 77' lang='lat' dir='ltr'>constantior</span> <span class='ocrx_word' id='word_1_187' title='bbox 505 2415 615 2480; x_wconf 82' lang='lat' dir='ltr'>inguine</span> <span class='ocrx_word' id='word_1_188' title='bbox 627 2427 723 2464; x_wconf 82' lang='lat' dir='ltr'>nervus</span> 
     </span>
     <span class='ocr_line' id='line_1_32' title="bbox 97 2477 818 2546; baseline -0.008 -11"><span class='ocrx_word' id='word_1_189' title='bbox 97 2481 181 2546; x_wconf 80' lang='lat' dir='ltr'>Quem</span> <span class='ocrx_word' id='word_1_190' title='bbox 192 2499 262 2534; x_wconf 79' lang='lat' dir='ltr'>novo</span> <span class='ocrx_word' id='word_1_191' title='bbox 273 2482 383 2534; x_wconf 90' lang='lat' dir='ltr'>collibus</span> <span class='ocrx_word' id='word_1_192' title='bbox 395 2482 471 2534; x_wconf 82' lang='lat' dir='ltr'>arbor</span> <span class='ocrx_word' id='word_1_193' title='bbox 482 2481 601 2532; x_wconf 75' lang='lat' dir='ltr'>inhaeret.</span> <span class='ocrx_word' id='word_1_194' title='bbox 782 2477 818 2524; x_wconf 77' lang='lat'>20</span> 
     </span>
    </p>

    <p class='ocr_par' dir='ltr' id='par_1_19' title="bbox 63 2547 610 2688">
     <span class='ocr_line' id='line_1_33' title="bbox 63 2547 610 2616; baseline -0.015 -13"><span class='ocrx_word' id='word_1_195' title='bbox 63 2548 208 2603; x_wconf 83' lang='lat' dir='ltr'>Muricibus</span> <span class='ocrx_word' id='word_1_196' title='bbox 220 2551 306 2616; x_wconf 78' lang='lat' dir='ltr'>Tyriis</span> <span class='ocrx_word' id='word_1_197' title='bbox 318 2550 421 2601; x_wconf 75' lang='lat' dir='ltr'>iteratae</span> <span class='ocrx_word' id='word_1_198' title='bbox 433 2547 531 2599; x_wconf 81' lang='lat' dir='ltr'>vellere</span> <span class='ocrx_word' id='word_1_199' title='bbox 542 2547 610 2596; x_wconf 81' lang='lat' dir='ltr'>lunae</span> 
     </span>
     <span class='ocr_line' id='line_1_34' title="bbox 98 2613 590 2688; baseline -0.022 -16"><span class='ocrx_word' id='word_1_200' title='bbox 98 2618 145 2672; x_wconf 83' lang='lat' dir='ltr'>cui</span> <span class='ocrx_word' id='word_1_201' title='bbox 155 2615 383 2688; x_wconf 73' lang='lat' dir='ltr'>proponebanturl</span> <span class='ocrx_word' id='word_1_202' title='bbox 418 2613 478 2665; x_wconf 69' lang='lat' dir='ltr'>tibi</span> <span class='ocrx_word' id='word_1_203' title='bbox 489 2627 590 2678; x_wconf 83' lang='lat' dir='ltr'>nempe,</span> 
     </span>
    </p>
   </div>
   <div class='ocr_carea' id='block_1_6' title="bbox 0 0 943 2874">
    <p class='ocr_par' dir='ltr' id='par_1_20' title="bbox 0 0 943 2874">
     <span class='ocr_line' id='line_1_35' title="bbox 0 0 943 2874; baseline 0 0"><span class='ocrx_word' id='word_1_204' title='bbox 0 0 943 2874; x_wconf 95' lang='lat' dir='ltr'> </span> 
     </span>
    </p>
   </div>
  </div>
 </body>
</html>
