1866 2874
248 105 512 162 smirneorum
533 109 597 172 1,2.
779 107 826 156 rso

36 215 116 278 Quum
130 219 221 284 stupet
234 217 332 268 insanis
345 217 413 268 acies
425 216 571 283 fulgoribus
583 221 610 268 et
622 234 703 285 quum

35 285 146 337 declinis
159 286 233 336 falsis
246 286 349 336 animus
361 285 468 336 meliora
479 291 582 336 recusat
589 305 596 349 ;

35 352 129 406 Verum
141 355 186 405 hic
198 354 325 421 impransi
337 371 439 405 mecum
452 354 595 420 disquirite.
632 352 647 380 “
657 353 710 405 Cur
723 353 772 407 hoc
782 354 813 407 i’'

35 420 129 488 Dicam,
143 423 165 472 si
178 429 275 490 potero.
311 422 382 473 Male
395 439 484 473 verum
497 423 631 474 examinat
643 425 726 474 omnis

36 489 175 558 Corruptus
184 491 275 557 judex.
311 491 434 557 Leporem
449 497 563 542 sectatus
575 508 674 557 equore

35 557 122 610 Lassus
135 559 170 610 ab
182 559 311 610 indomito
324 559 372 624 vel,
386 559 408 609 si
422 559 539 610 Romano,
551 560 648 626 fatigat
788 563 821 612 10

36 625 128 679 Militia
140 635 277 680 assuetum
290 628 409 692 Graecori,
423 645 468 678 seu
481 628 535 694 pila
547 628 630 693 velox,

36 692 146 748 Molliter
159 703 294 746 austerum
307 696 394 747 studio
407 696 516 747 fallente
528 696 649 761 laborem,

36 763 80 816 Seu
92 772 119 816 te
132 765 221 815 discus
233 765 297 830 agit,
310 772 369 831 pete
382 765 516 814 cedentem
529 767 590 816 oiim
603 764 688 826 disco;

37 831 117 894 Quum
130 833 205 884 labor
218 833 351 883 extuderit
363 833 477 898 fastidia,
491 832 581 897 siccus,
594 833 679 883 inanis

36 900 127 968 Sperne
140 901 229 952 cibum
241 901 335 962 vilem;
353 901 403 952 nisi
417 901 556 966 Hymettia
567 901 646 951 mella
659 901 769 954 Falerno

36 967 70 1020 Ne
83 970 179 1020 biberis
192 970 284 1020 diluto.
321 969 393 1020 Foris
406 976 445 1020 est
457 986 569 1036 promus,
582 976 609 1020 et
621 975 709 1020 atrum

35 1037 181 1089 Defendens
193 1038 276 1105 pisces
288 1037 388 1088 hiemat
400 1055 484 1088 mare:
503 1055 564 1088 cum
577 1037 629 1088 sale
642 1039 716 1105 panis

36 1105 184 1158 Lutrantem
198 1106 361 1156 stomachum
374 1105 439 1157 bene
451 1105 538 1158 leniet.
575 1106 650 1158 Unde
662 1114 740 1174 putes
752 1113 799 1160 eut

37 1173 82 1234 Qui
94 1173 219 1241 partum?
255 1174 280 1224 N
282 1191 315 1224 on
327 1175 355 1224 in
368 1191 426 1225 curo
439 1173 528 1224 nidore
540 1174 661 1241 voluptas

36 1240 146 1306 Summa,
159 1243 205 1292 sed
218 1242 245 1292 in
258 1243 352 1309 teipso
365 1250 410 1293 est.
448 1243 485 1293 Tu
499 1242 675 1309 pulmentario
687 1260 774 1310 quaere
786 1246 820 1294 20

36 1309 170 1372 Sudand03
188 1311 313 1378 pinguem
327 1311 398 1362 vitiis
411 1309 550 1378 albumque
562 1327 647 1376 neque
659 1317 743 1362 ostreo

36 1376 88 1429 Nec
100 1396 188 1430 scarus
200 1387 248 1429 aut
260 1378 357 1445 poterit
369 1379 505 1446 peregrine
513 1381 607 1446 juvere
619 1378 708 1444 lagois.

37 1444 86 1496 Vix
98 1454 187 1498 tamen
200 1447 316 1513 eripiam,
329 1449 414 1514 posito
427 1464 527 1514 pavone
540 1447 604 1498 velis
617 1448 681 1513 quin

36 1513 91 1565 Hoc
102 1515 190 1582 potius
202 1531 282 1581 quam
294 1515 393 1580 gallina
405 1521 505 1581 tergere
518 1516 644 1582 palatum,

37 1581 174 1650 Corruptus
187 1583 261 1634 vanis
273 1600 366 1646 rerum,
380 1584 442 1649 quio
454 1591 548 1634 veneat
559 1600 622 1635 euro

36 1649 102 1702 Ram
113 1652 170 1703 uvis
182 1658 209 1702 et
221 1652 292 1718 picta
304 1651 404 1718 pendat
416 1652 564 1718 spectacula
577 1653 675 1717 ceudu;

36 1717 552 1786 Tamquamedremettineutquidquem.
572 1721 820 1788 Numvescerisisto‚

37 1786 118 1849 Quum
130 1787 230 1852 leudos,
243 1787 351 1855 pluma?
387 1788 465 1838 Cocto
478 1805 542 1839 num
554 1789 628 1840 adest
640 1790 722 1840 honor
733 1791 820 1842 idem?

37 1855 114 1908 Corne
127 1863 215 1907 tamen
228 1857 348 1921 quumvis
361 1856 442 1908 distat
455 1857 500 1922 nil,
513 1857 561 1909 hac
574 1859 657 1922 magis
669 1859 743 1909 illum

37 1922 182 1992 imparibus
195 1925 284 1976 formis
297 1924 433 1992 deceptum
447 1931 473 1976 te
486 1929 587 1992 petere!
614 1925 690 1977 Esto:
786 1929 820 1978 30

37 1990 108 2044 Unde
120 1994 213 2044 datum
227 1993 313 2058 sentis,
326 1993 404 2060 lupus
416 1993 460 2044 hic
473 1993 616 2059 Tiberinus,
629 2011 663 2044 an
675 1995 729 2044 aito

36 2059 130 2128 Captus
142 2061 206 2122 hiet,
219 2067 344 2128 pontesne
356 2063 425 2112 inter
433 2064 557 2130 jactatus,
569 2080 603 2112 an
616 2062 700 2113 amnis

37 2127 105 2181 Ostia
117 2129 167 2181 sub
180 2129 274 2181 Tuscii
310 2130 420 2196 Laudas,
432 2131 530 2196 insane,
543 2131 671 2182 trilibrem

37 2195 157 2261 Mullum,
164 2199 192 2249 in
205 2198 308 2264 singula
320 2215 398 2266 quem
406 2200 509 2249 minuas
517 2200 653 2265 pulmenta
661 2216 764 2250 necesse
772 2204 820 2254 est.

36 2263 112 2318 Ducit
124 2274 152 2319 te
165 2267 270 2334 species,
282 2267 371 2318 rideo:
390 2283 440 2334 quo
452 2267 567 2334 pertinet
579 2284 640 2333 ergo

37 2331 153 2388 Proceros
166 2335 249 2386 odisse
261 2334 352 2402 lupos?
388 2335 456 2398 Quin
468 2335 566 2387 scilicet
578 2335 630 2386 illis

37 2400 159 2471 Majorem
171 2409 267 2455 notura
279 2404 385 2455 modum
397 2403 477 2468 dedit,
490 2404 531 2454 his
543 2404 619 2456 breve
632 2405 740 2472 pondus.

36 2469 145 2538 Jejunus
158 2489 216 2523 raro
229 2473 376 2524 stomachus
390 2473 507 2539 vulgario
520 2473 620 2525 temnit.

40 2538 50 2562 ‘¹
58 2540 211 2593 Porrectum
224 2558 319 2606 magno
332 2559 458 2608 maguum
472 2560 587 2609 spectare
600 2547 686 2597 catino

40 2603 159 2678 Vellem,''
167 2610 207 2664 uit
218 2609 341 2678 Harpyiis
349 2612 413 2678 gule
423 2611 504 2678 digna
512 2613 657 2680 rapacibus.
675 2617 770 2680 Atros,
780 2619 814 2666 40
