1858 2874
223 137 421 193 cARMINUM
440 138 480 192 11.
498 141 575 194 5-7.
764 141 799 194 ³7

78 247 115 302 Sit
124 247 389 302 moduslssscmmis
401 251 429 300 et
440 245 545 300 viarum
844 277 859 306 .

176 317 351 385 Militiaequel

79 384 149 438 Unde
162 387 185 440 si
198 386 288 439 Parcae
300 384 441 454 prohibent
452 384 559 453 inique,

79 454 156 509 Dulce
168 455 269 525 pellitis
280 454 373 508 ovibus
386 453 482 507 Galaesi
765 453 799 503 10

79 523 185 578 Flumen
197 529 225 577 et
236 530 348 592 regnate
359 529 450 592 petam
461 521 559 576 Inccni

176 593 251 646 Rure
263 592 402 645 Phalanto.

80 660 123 715 llle
134 667 266 715 temrmn
277 661 344 713 mihi
356 666 452 730 praeter
463 676 553 713 omnes

161 748 195 784 us
205 731 283 796 ridet,
294 730 342 782 ubi
352 747 407 782 non
418 730 547 798 Hymetto

79 798 119 853 Me
166 799 300 853 decedunt
311 799 442 868 viridique
455 804 540 851 certet

177 869 266 922 Bacca
277 868 400 921 Venafro.

81 936 128 991 Ver
137 937 185 991 ubi
197 937 308 1004 longum
319 936 474 1005 tepidasque
486 933 586 1004 praebet

81 1006 183 1076 Jupiter
194 1005 308 1074 brumes,
321 1011 348 1058 et
360 1007 460 1058 amicus
473 1003 561 1056 Aulon

80 1074 167 1129 llertili
178 1075 284 1128 Bscclsc
295 1075 437 1128 minimum
449 1072 568 1127 Falernis

177 1145 286 1199 Invidet
296 1143 364 1197 uvis.
764 1144 799 1194 20

79 1212 124 1266 Ille
135 1218 163 1267 te
174 1230 280 1266 mecum
291 1212 365 1265 locus
377 1216 404 1264 et
416 1211 501 1264 beatus

79 1281 215 1336 Postulsnt
226 1298 314 1346 crces;
331 1281 369 1334 ibi
381 1285 413 1333 tu
424 1280 555 1332 calentem

79 1350 171 1405 Debita
179 1367 289 1475 ppei-ges
301 1349 410 1405 lacrima
420 1348 542 1403 favillam

204 1420 256 1475 stis
269 1419 354 1473 amici.

112 1638 260 1694 OARMEN
277 1637 413 1693 VIL-sn
427 1652 575 1692 sonemus
585 1651 694 1692 visun.

77 1765 98 1818 0
111 1780 186 1819 enen
197 1783 303 1821 mecum
314 1769 420 1834 tempus
431 1764 461 1818 in
472 1763 598 1818 ultimum

74 1833 194 1889 Dcducte
205 1835 290 1889 Bruto
301 1835 405 1888 militiae
416 1834 491 1902 duce,

109 1903 173 1969 Quis
185 1911 213 1958 tc
224 1905 364 1958 redonavit
376 1904 507 1968 Quiritem

145 1973 195 2055 Dis
207 1974 301 2042 patriis
314 1973 436 2056 Italoque
447 1971 520 2039 ecclc,

72 2042 183 2112 Pompei
194 2059 313 2096 meorum
325 2059 409 2111 prime
421 2040 569 2094 sodaliuml

73 2111 142 2166 (lum
153 2128 206 2181 quc
217 2117 365 2165 morantem
377 2127 445 2180 sepe
457 2111 528 2163 diem
539 2125 611 2176 mem

108 2180 147 2234 ln
181 2180 188 2194 '
201 2187 341 2234 coronatus
352 2181 468 2234 nitentes

175 2250 313 2303 alobsthso
325 2250 401 2319 Syrio
413 2247 528 2318 capillos.

71 2319 174 2372 'I'ccnm
186 2319 324 2389 Philippos
336 2326 364 2372 et
375 2318 486 2372 celerem
497 2318 591 2383 fugam

69 2387 256 2443 Sensirelicta
266 2405 321 2442 non
332 2387 539 2455 benepsrmuls,
766 2382 800 2433 ic

108 2457 200 2523 Quum
211 2458 298 2511 fracta
310 2458 396 2511 virtus
408 2460 436 2507 et
447 2455 563 2506 minaces

145 2526 233 2596 Turpe
245 2526 330 2579 solum
342 2525 454 2592 tetigere
464 2529 561 2576 mento.

71 2593 129 2650 flod
140 2612 183 2647 me
195 2611 243 2664 per
254 2595 341 2648 hostes
353 2592 501 2647 Mercurius
512 2591 581 2644 celer

68 2665 163 2720 Denso
174 2669 317 2733 paventem
329 2661 440 2716 sustulit
451 2662 527 2723 23103
