1866 2874
240 117 384 169 EPODON
402 117 507 170 CARM.
529 120 568 168 16.
757 119 804 170 121

62 218 180 287 Ametque
193 219 260 270 salsa
271 219 338 272 levis
350 219 437 271 hircus
451 237 560 288 oequora.

10 285 11 312 ³
33 286 95 354 Herc,
106 295 130 339 et
142 305 199 355 quae
211 295 337 356 poterunt
349 289 448 341 reditus
461 289 612 340 abscindere
623 287 720 354 dulces,

61 356 149 408 Eamus
160 358 244 408 omnis
257 365 392 409 exsecrata
404 359 504 422 civitas,

33 423 78 475 lut
89 443 143 493 pars
156 427 263 478 indocili
276 426 367 478 melior
379 444 471 492 grege;
489 425 574 478 mollis
587 431 614 477 ct
626 443 718 494 exspes

60 493 202 547 inominata
213 496 357 563 perprimat
370 496 480 550 cubilia!

32 560 81 627 los,
93 562 185 630 quibus
197 572 236 615 est
249 565 340 628 virtus,
352 564 506 616 muliebrem
519 563 604 615 tollite
616 562 725 631 luctum,

57 631 161 684 Etrusca
172 639 268 700 praeter
279 639 307 684 et
319 633 405 684 volate
416 633 502 685 litora.
772 634 807 684 40

30 697 74 752 llos
84 709 170 752 manet
183 702 301 753 Oceanus
313 703 509 769 circumvagus:
527 718 598 768 arva,
609 700 687 754 beata

55 769 175 822 Petamus
187 788 257 834 arva,
269 771 364 822 divites
376 778 404 822 et
415 771 522 836 insulas,

30 834 114 890 Reddit
126 837 172 889 ubi
184 839 302 890 Cererem
315 839 394 892 tellus
406 841 509 892 inarata
522 839 664 907 quotannis

54 908 87 959 Et
98 909 230 975 imputata
241 908 316 960 floret
326 925 407 975 usque
419 909 503 974 vinea,

28 975 151 1028 Germinat
164 983 192 1028 et
202 994 339 1044 nunquam
350 977 467 1030 fallentis
479 986 574 1030 termes
586 976 668 1045 olivae,

53 1045 182 1112 Suamque
196 1046 268 1114 pulla
280 1045 345 1097 ficus
357 1053 432 1099 ornat
444 1047 569 1111 arborem,

10 1121 11 1176 l
29 1110 97 1166 Mella
108 1131 174 1166 cava
185 1122 296 1166 manant
308 1132 342 1166 ex
353 1115 420 1181 ilice,
433 1116 567 1167 montibus
579 1114 639 1167 altis

52 1182 125 1235 Levis
137 1189 263 1251 crepante
274 1183 384 1252 lympha
395 1184 483 1236 desilit
495 1185 568 1252 pede.

10 1275 12 1314 l
29 1247 75 1302 [llic
86 1252 192 1320 injussa
204 1253 317 1304 veniunt
328 1253 362 1304 ad
373 1254 487 1306 mulctra
498 1253 613 1321 capella,

10 1319 12 1380 ὲ
52 1320 193 1388 Refer-tque
204 1326 279 1372 tenta
291 1338 356 1387 grex
367 1323 467 1374 amicus
478 1322 573 1385 ubera;
772 1322 806 1372 50

10 1383 12 1448 l
29 1385 70 1440 llec
82 1390 247 1458 vespertinus
259 1391 440 1458 circumgemit
452 1409 528 1443 ursus
541 1391 615 1458 ovile,

50 1458 141 1527 Neque
154 1459 307 1510 intumescit
319 1459 374 1511 alta
385 1461 481 1527 viperis
493 1460 598 1512 humus.

29 1523 146 1596 Pluraque
158 1527 247 1579 felices
259 1527 425 1581 mirabimur:
443 1537 475 1580 ut
487 1546 571 1596 neque
583 1527 663 1596 largis

10 1639 12 1650 1,
50 1597 169 1664 Aquosus
181 1597 268 1648 Eurus
280 1614 343 1648 arva
354 1597 430 1649 radat
442 1598 576 1662 imbribus,

28 1659 129 1732 lhguia
140 1683 191 1717 nec
203 1666 277 1717 siccis
290 1671 401 1716 urantur
413 1667 512 1717 semina
524 1666 614 1734 glebis,

49 1733 199 1802 Utrumque
210 1751 271 1800 rege
284 1741 446 1801 temperante
459 1735 583 1789 coelitum.

28 1797 72 1853 llon
83 1803 138 1855 huc
150 1803 237 1870 Argoo
249 1803 385 1855 contendit
397 1805 495 1871 remige
507 1805 593 1872 pinus,

49 1871 140 1940 Neque
152 1871 287 1938 impudica
300 1871 402 1923 Colchis
414 1873 507 1924 intulit
519 1873 627 1940 pedem;

25 1937 72 1990 llon
83 1941 138 1992 huc
150 1939 252 1992 Sidonii
265 1945 395 1993 torserunt
408 1959 504 1993 cornua
515 1949 612 2008 nautae,

49 2007 187 2060 laboriosa
199 2025 248 2060 nec
260 2009 351 2061 cohors
365 2010 458 2063 Ulixei
771 2010 806 2061 60

24 2072 94 2128 Nulla
106 2083 204 2130 nocent
217 2078 303 2145 pecori
316 2080 445 2146 contagia,
458 2078 558 2130 nullius
570 2077 635 2131 astri

50 2144 161 2212 Gregem
173 2155 285 2198 aestuosa
296 2153 377 2199 torret
390 2148 553 2216 impotentia.

18 2208 122 2278 Jupiter
133 2214 181 2266 illa
193 2215 244 2282 piae
257 2218 367 2268 secrevit
379 2217 457 2268 litora
468 2217 550 2283 genti,

49 2281 88 2331 Ut
98 2283 252 2350 inquinavit
265 2301 315 2336 aere
327 2291 432 2352 tempus
444 2301 569 2348 aureum;

21 2345 85 2414 dire,
97 2350 194 2404 dehinc
205 2354 274 2405 ferro
287 2354 393 2406 duravit
406 2353 505 2406 secula:
523 2369 636 2422 quorum

47 2416 105 2471 Piis
117 2422 233 2476 secunda
245 2428 306 2476 vate
317 2441 359 2476 me
371 2423 450 2476 datur
462 2423 534 2491 fuga.
