1866 2874
258 120 472 173 saulitarum
495 121 533 174 ll.
552 124 576 174 3.
762 119 813 170 169

34 216 109 269 llunc
122 217 312 269 circumtonuit
325 220 441 284 gaudeus
454 220 561 271 Bellona
574 219 695 272 cruentis.

33 285 105 338 Nunc
118 303 167 353 age
180 286 313 338 luxuriam
326 298 351 338 et
365 288 559 339 Nomentanum
572 291 656 356 arripe
668 305 785 342 mecum:

33 353 125 406 Vincet
137 356 209 406 enim
222 355 315 408 stultos
328 357 395 407 ratio
408 358 521 408 insanire
534 367 647 424 nepotes.

34 421 83 475 llic
96 424 177 474 simul
189 425 291 491 accepit
303 425 445 492 patrimoni
458 426 531 477 mille
544 426 653 494 talenta,

32 489 125 556 Edicit,
139 491 253 561 piscator
265 494 312 557 uti,
325 494 464 560 pomarius,
476 511 578 562 auceps,

32 559 228 627 unguentarius
240 578 271 613 ac
284 562 360 613 Tusci
373 563 450 613 turba
462 563 544 631 impia
556 563 615 630 vici,

33 628 94 679 Cum
107 629 204 680 scurris
216 630 306 695 fartor,
318 647 379 682 cum
391 629 503 683 Velabro
514 649 591 683 omne
602 631 750 700 macellum,
769 635 820 685 229

33 694 347 751 Manedomumveniant.
366 699 435 764 Quid
445 699 520 752 tum‘l
537 699 821 769 Venerelirequeutes.

33 763 115 819 Verba
127 765 194 818 iacit
205 765 275 818 leno:
296 770 451 837 “Quidquid
463 770 536 831 mihi,
550 771 679 838 quidquid
692 781 719 823 et
732 774 824 824 horum

35 834 133 902 Cuique
142 836 211 887 domi
220 843 265 902 est,
274 838 301 888 id
309 838 383 889 crede
391 843 467 889 tuum
475 843 501 888 et
509 837 551 889 vel
560 855 631 889 nunc
639 843 699 904 pete
707 837 748 887 vel
757 853 819 890 cras.

34 902 139 971 Accipe,
151 905 215 970 quid
227 919 318 958 contra
326 906 431 973 juvenis
442 906 605 974 responderit
617 921 719 974 aequus:

35 975 49 1002 “
57 975 89 1027 ln
101 975 166 1026 nire
178 974 285 1026 Lucana
297 974 393 1025 dormis
405 981 531 1026 ocreatus.
543 981 574 1023 ut
587 989 679 1038 aprum

35 1038 140 1091 Omnem
152 1055 212 1106 ego:
231 1046 260 1091 tu
274 1040 357 1107 pisces
370 1039 478 1091 hiberno
491 1057 524 1092 ex
536 1055 638 1108 aequore
649 1039 730 1092 verris
737 1057 745 1103 ;

36 1106 127 1176 Segnis
140 1123 188 1174 ego
199 1109 324 1175 indignus
337 1108 382 1175 qui
395 1115 500 1160 tantum
512 1109 670 1176 possideam:
689 1109 778 1163 auser!

36 1175 113 1228 Sume
126 1175 177 1227 tibi
189 1176 281 1242 docies,
294 1177 342 1228 tibi
355 1178 526 1241 tantundem
545 1177 594 1229 tibi
607 1177 712 1245 triplex,

36 1243 110 1296 Unde
123 1260 192 1296 uxor
203 1245 291 1297 media
302 1247 384 1297 currit
397 1247 429 1297 de
441 1254 517 1298 nocto
529 1246 645 1298 vocata”

38 1312 119 1365 Filius
132 1312 223 1381 AEsopi
235 1314 380 1366 detrectem
392 1331 426 1366 ex
438 1331 501 1367 aure
515 1313 637 1379 Metella,

36 1380 142 1434 Scilicet
155 1389 186 1433 ut
198 1382 283 1434 decies
296 1382 407 1434 solidum
420 1383 566 1435 obsorberct
571 1381 584 1448 ¹,
596 1387 670 1434 aceto
774 1383 825 1433 240

36 1449 122 1504 Diluit
135 1451 266 1518 insignem
278 1451 397 1504 baccam:
416 1453 463 1519 qui
477 1453 568 1516 sanior,
581 1467 612 1503 ao
624 1451 646 1502 si

37 1517 110 1572 Illud
122 1519 193 1571 idem
206 1520 234 1571 in
246 1521 367 1588 rapidum
379 1521 477 1572 flumen
486 1524 617 1588 jecoretve
629 1517 762 1572 cloacam?

38 1589 130 1652 Quinti
143 1589 279 1656 progenies
292 1589 361 1654 Arri,
373 1606 421 1657 par
432 1589 519 1642 nobile
531 1590 650 1655 fratrum,

35 1657 166 1726 Nequitia
177 1663 204 1708 et
215 1659 300 1724 nugis,
313 1675 452 1726 pravorum
464 1666 491 1710 et
503 1675 589 1710 amore
601 1657 750 1725 gemellum,

36 1725 174 1779 luscinias
187 1727 256 1778 soliti
269 1727 386 1794 impenso
396 1727 525 1816 prandere
537 1729 677 1794 oo'e'mptas,

38 1795 168 1858 Quorsum
181 1795 294 1848 abeantl
313 1795 393 1846 Sanin
415 1803 493 1861 creta,
506 1813 540 1846 an
552 1796 663 1847 carbone
675 1791 801 1846 notandil

37 1863 179 1916 AEdificare
192 1880 271 1925 casas,
284 1864 403 1931 plostello
416 1865 558 1932 adjungere
570 1881 664 1929 mures,

37 1930 140 1985 Ludere
152 1949 201 2000 par
213 1933 304 2000 impar,
318 1933 435 2000 equitare
447 1935 475 1984 in
488 1933 615 1985 arundine
627 1932 713 1998 longa,

37 2000 62 2053 si
75 2017 158 2068 quem
172 2001 284 2053 delectet
296 2001 441 2066 barbatum,
455 2003 570 2054 amentia
582 2007 673 2053 verset.

37 2069 62 2121 Si
74 2070 207 2140 puerilius
219 2071 260 2122 his
273 2071 340 2122 ratio
353 2087 407 2122 esse
419 2072 521 2123 evincet
533 2087 628 2135 amare,
779 2069 829 2118 250

36 2138 60 2189 N
61 2157 91 2192 eo
104 2139 252 2207 quidquam
265 2140 376 2206 differre,
391 2146 512 2192 utrumne
525 2140 552 2190 in
566 2139 680 2219 pulvere,
693 2135 787 2188 trimus

38 2209 123 2272 Quale
136 2208 216 2277 prius,
229 2208 305 2260 ludas
318 2225 389 2276 opus,
403 2225 437 2259 an
449 2209 591 2260 meretricis
604 2223 690 2258 amore

37 2277 174 2330 Sollicitus
187 2277 285 2343 plores:
304 2293 398 2344 quaero,
411 2277 534 2340 faciasne,
547 2275 616 2342 quod
629 2275 691 2326 olim

37 2345 164 2399 Mutatus
177 2345 319 2398 Polemoni
338 2363 419 2414 ponas
432 2346 546 2412 insignia
558 2343 648 2409 morbi,

37 2415 181 2480 Fasciolas,
194 2414 301 2478 cubital,
314 2414 416 2475 focalia,
430 2422 506 2482 potus
519 2419 549 2464 ut
562 2413 606 2464 ille

37 2484 148 2536 Dicitur
160 2501 194 2534 ex
207 2483 273 2534 collo
285 2484 379 2535 furtim
391 2484 515 2550 carpsisse
527 2497 640 2547 coronas,

37 2552 187 2620 Postquam
199 2559 239 2604 eet
251 2552 378 2619 impransi
390 2558 523 2620 correptus
535 2567 597 2603 voce
608 2547 745 2617 magistri?

117 2649 130 2682 h
146 2648 188 2696 Qui
198 2662 263 2700 quam
274 2661 349 2690 venere
605 2653 611 2685 l
627 2656 743 2692 exsorberet
