1908 2886
117 76 168 128 202
427 79 579 132 HORATll

221 291 397 346 EPISTOLA
415 290 521 344 X.—sn
536 304 642 344 roscen
655 303 800 341 sn1sr1un.

122 393 211 446 Usms
223 397 365 445 smstorem
378 392 493 445 Fuscum
505 392 602 444 salvere
610 391 731 459 jubemus

123 461 202 514 Ruris
214 467 348 528 amatores,
361 461 411 515 hec
422 462 451 514 in
462 479 490 514 re
503 461 602 513 scilicet
614 478 667 512 uns

122 529 240 584 Multum
252 530 397 598 dissimiles,
410 536 439 584 et
451 536 537 583 cetere
549 547 623 599 paene
635 529 747 598 gemelli,

122 599 255 652 Frsteruis
267 600 361 653 animis
374 600 502 669 quidquid
515 605 594 667 neget
606 599 673 651 slter
684 605 711 650 et
723 598 800 665 ulter,
932 614 933 694 p

123 668 273 722 Annuimus
285 669 383 738 pariter
395 670 480 722 vetuli
491 670 599 737 notique
611 668 731 720 columbi.
932 705 933 742 ,

121 737 161 790 'lu
173 737 267 792 nidum
279 756 380 802 servos3
398 755 445 806 ego
458 739 536 792 leudo
548 739 615 790 ruris
627 738 725 790 ameni

123 805 202 860 Rivos
213 813 241 861 et
251 825 340 861 musco
352 807 499 860 circumlito
511 825 574 860 sexo
588 824 738 874 nemusque.

123 876 196 938 Quid
209 877 319 945 qussrisl
355 877 421 929 Vivo
434 881 461 929 et
473 893 560 945 reguo,
573 877 650 928 simul
663 876 715 928 ists
725 875 829 945 reliqui,

123 946 188 1009 Qun
200 965 246 1000 vos
257 947 291 1000 sd
303 945 399 998 coelum
410 945 485 998 fertis
496 962 599 999 rumore
612 946 737 998 secundo:
933 989 934 1010 ,

123 1015 213 1084 thue
225 1015 364 1068 sacerdotis
375 1014 505 1082 fugitivus
517 1013 571 1067 libe
582 1031 687 1078 recuso;
873 1015 902 1064 lc

123 1083 196 1137 Pane
207 1101 270 1152 egeo
278 1086 336 1152 jem
346 1083 455 1137 mellitis
467 1085 566 1154 potiore
578 1085 712 1153 plecentis.

124 1152 219 1207 Vivere
230 1159 331 1220 neturae
343 1153 366 1205 si
378 1155 562 1206 convenienter
573 1158 682 1222 oportet,
934 1156 935 1242 l

124 1221 307 1292 Ponendssque
320 1222 396 1275 domo
407 1223 548 1290 querende
559 1230 599 1275 est
610 1239 670 1274 aren
682 1223 803 1292 primum,

124 1291 261 1345 Novistine
273 1293 360 1344 locum
372 1293 498 1360 potiorem
509 1309 570 1345 rure
580 1291 673 1344 bestol

124 1360 173 1413 Est
184 1361 230 1413 ubi
242 1361 302 1430 plns
313 1367 422 1429 tepeant
434 1361 538 1429 hiemes,
551 1361 596 1413 ubi
607 1361 705 1428 gratior
717 1378 782 1414 eure

124 1429 218 1483 Leniat
230 1437 258 1484 et
269 1431 367 1483 rebiem
380 1429 456 1512 Oenis
469 1437 496 1482 et
506 1437 639 1512 momente
651 1430 751 1498 Leonis,

126 1499 214 1563 Quum
226 1499 305 1552 semel
316 1505 418 1568 soeeprt
430 1499 515 1553 Solem
526 1499 685 1552 fumbnndus
696 1497 822 1552 ecutumi
935 1547 936 1560 ,

125 1567 175 1621 Est
185 1568 232 1620 ubi
243 1568 352 1621 divellet
364 1585 466 1622 somnos
477 1569 564 1621 miuus
576 1569 667 1621 invide
678 1568 758 1620 curel

125 1636 249 1690 Deterius
260 1635 364 1705 Libycis
376 1638 430 1690 olet
441 1644 488 1690 sut
499 1639 567 1692 nitet
579 1637 660 1690 herbe
671 1637 787 1707 lapillisl

126 1705 220 1759 Pur-ior
231 1707 260 1758 in
271 1707 336 1760 vicis
347 1724 416 1775 nque
428 1707 514 1760 tendit
526 1724 647 1774 rumpere
658 1707 804 1778 plumbum,
872 1705 897 1756 50

127 1775 212 1842 Quem
220 1792 278 1845 quse
287 1793 334 1845 per
344 1793 457 1846 pronum
468 1777 584 1846 trepidet
591 1793 651 1828 cum
662 1793 797 1828 murmure
804 1773 897 1827 rivunl

126 1845 194 1899 Nem
238 1845 307 1898 inter
319 1846 404 1899 varies
415 1847 533 1898 nutritur
545 1847 611 1899 silrs
622 1845 756 1898 columnas

127 1915 184 1968 Inu
202 1920 313 1984 oturque
325 1915 424 1982 domus,
436 1916 527 1983 longos
540 1933 599 1984 quse
611 1915 737 1986 prospicit
748 1929 832 1982 egros.

127 1983 257 2038 Naturam
268 1985 383 2054 expelles
395 1985 477 2050 furca,
490 1993 580 2038 temen
591 2001 675 2052 usque
686 1990 810 2050 recurret,

127 2053 163 2107 Et
174 2055 245 2108 mels
255 2059 407 2124 perrumpet
418 2054 511 2106 furtim
522 2054 630 2108 fastidis
641 2053 745 2106 victrix.

128 2123 195 2191 Non,
208 2123 254 2193 qui
266 2123 372 2178 Sidonio
384 2124 540 2176 contendere
552 2123 662 2176 collidus
673 2127 744 2175 ostro

127 2192 220 2246 Nescit
232 2193 392 2261 Aquinatem
404 2194 524 2261 potentie
535 2193 633 2246 vellere
643 2191 742 2258 fucum,

129 2261 230 2314 (lortius
241 2263 352 2332 accipiet
364 2263 490 2314 domnum
501 2263 639 2330 propiusve
650 2260 781 2327 medullis,

130 2329 215 2393 Quom
226 2331 272 2399 qui
284 2349 336 2384 non
348 2332 445 2400 poterit
456 2348 517 2383 vero
529 2331 690 2399 distinguere
701 2329 807 2384 fulsum.

130 2400 214 2464 Quem
224 2416 265 2452 res
276 2400 336 2467 plus
347 2401 429 2454 nimio
441 2401 602 2454 delectavere
614 2399 743 2466 secundae,
867 2399 900 2448 30

130 2467 242 2520 Mutotae
254 2469 381 2536 quotient.
417 2470 445 2523 si
458 2470 521 2538 quid
533 2468 665 2536 mirabere,
678 2485 759 2538 pones

131 2534 241 2586 Invitus.
277 2535 350 2600 Fuge
361 2553 473 2604 megum
490 2538 553 2590 licet
564 2538 613 2590 sub
624 2555 739 2606 paupere
750 2543 821 2591 tecto

131 2599 215 2666 Reges
223 2605 251 2653 et
260 2617 353 2666 regum
365 2603 420 2655 vite
431 2622 588 2673 praecsnrere
599 2608 703 2661 amicos
