1908 2886
139 94 189 144 192
457 99 612 154 nondun

133 197 206 252 Utile
218 196 352 267 proposuit
364 195 438 248 nobis
451 197 585 265 exemplar
597 197 702 264 Ulixen,

133 267 186 330 Qui
198 267 310 320 domitor
321 267 402 335 Trojae
415 267 558 318 multorum
570 267 694 334 providus
707 265 783 319 urbes

132 335 168 389 Et
179 354 263 388 mores
275 336 410 388 hominum
421 336 545 404 inspexit,
558 336 695 405 letumque
706 353 753 406 pcr
764 353 860 404 sequor,
888 339 918 386 20

132 405 204 458 Dum
216 405 271 472 sibi,
284 405 348 457 dum
360 405 435 457 sociis
447 405 561 456 reditum
573 411 656 473 peret,
669 421 761 473 aspera
772 405 859 458 mults

133 474 253 540 Pertulit,
266 474 380 526 edversis
391 491 478 526 rerum
490 474 671 526 immersabilis
684 475 770 528 undis.

133 543 255 598 Sirenum
267 560 341 596 voces
353 550 380 594 et
392 543 471 596 Oircae
484 543 578 612 poculo
589 544 674 606 nosti;

134 613 197 678 Ques
210 614 232 665 si
244 629 304 665 cum
316 612 391 665 sociis
403 613 500 665 stultus
512 612 674 680 cupidusque
685 611 800 679 bibisset,

132 682 186 735 Sub
198 682 303 736 domins
315 682 450 734 meretrice
461 681 554 734 fuisset
566 682 650 750 turpis
663 688 690 734 et
701 698 799 750 excors,

133 751 249 805 Vixisset
261 752 333 804 cenis
344 751 495 804 immundus
508 751 550 804 vel
561 751 645 804 emico
656 750 714 804 luto
726 769 775 804 sus.

131 820 158 874 N
158 839 186 874 os
197 839 321 874 numerus
334 836 422 872 sumus
434 829 461 872 et
472 821 561 888 fruges
573 837 723 872 consumere
733 821 800 888 neti,

132 890 226 960 sponsi
238 890 333 943 Pcnclo
353 907 381 958 ae,
392 889 541 956 nebulones,
553 889 706 958 Alcinoique

132 960 166 1012 In
178 966 239 1013 cute
251 907 367 1012 curanda
379 958 439 1026 plus
451 975 525 1026 coquo
537 964 643 1027 operate
650 959 784 1026 juventus,

133 1029 182 1082 eui
194 1029 336 1098 pulchrum
346 1027 400 1080 fuit
411 1028 440 1080 in
452 1028 550 1080 medios
562 1028 673 1081 dormire
686 1029 750 1092 dies,
763 1036 791 1084 et
882 1029 913 1079 30

132 1098 174 1151 Ad
186 1098 326 1166 strepitum
338 1097 446 1150 oitheroe
458 1104 586 1150 cessatum
598 1097 690 1150 ducere
702 1114 801 1151 curum.

132 1167 170 1220 Ut
178 1166 304 1236 jugulent
315 1167 440 1233 homines,
452 1173 564 1234 surgunt
576 1166 608 1218 dc
620 1172 696 1221 nocte
707 1166 835 1220 latrones:

132 1235 170 1289 Ut
182 1243 209 1289 te
221 1237 307 1306 ipsum
319 1252 411 1303 serves,
422 1252 476 1288 non
488 1235 689 1305 expergiscerisl
707 1235 792 1305 Atqui

132 1306 160 1360 si
171 1306 244 1359 noles
256 1323 341 1372 senus,
353 1323 441 1359 curres
452 1305 610 1374 hydropicus
616 1324 623 1370 ;
641 1305 709 1358 etni

132 1374 225 1428 Posces
237 1382 299 1429 ente
311 1375 380 1428 diem
391 1373 489 1426 librum
501 1392 561 1426 oum
573 1375 679 1442 lumine,
693 1375 781 1428 sinon

132 1444 257 1497 Intendes
269 1445 387 1498 animum
400 1444 493 1496 studiis
505 1450 532 1497 ct
543 1443 620 1496 rebus
632 1444 754 1511 honestis,

133 1512 238 1566 Invidia
249 1514 291 1566 rel
302 1531 389 1566 nmorc
401 1514 466 1581 vigil
477 1513 635 1581 torquebere.
669 1513 695 1565 N
695 1531 739 1565 sm
750 1530 804 1580 cur,

133 1581 197 1646 Quae
209 1581 310 1635 laedunt
322 1583 434 1649 oculum,
445 1583 554 1634 festines
566 1581 682 1646 demere3
700 1583 722 1634 si
734 1584 798 1650 quid

132 1651 180 1704 Est
193 1651 317 1719 animum,
329 1651 417 1704 differs
428 1651 538 1704 curandi
550 1657 653 1719 tempus
665 1652 694 1703 in
704 1651 821 1704 ennuml

131 1720 278 1773 Dimidium
289 1721 362 1788 fecti,
375 1721 420 1788 qui
432 1721 518 1788 coepit,
530 1720 610 1773 habet
617 1739 624 1784 ;
643 1737 732 1789 seperc
743 1721 826 1786 sude,
879 1721 909 1769 40
928 1773 929 1778 ,

132 1789 230 1860 Incipe
266 1788 317 1854 Qui
328 1796 398 1842 recte
410 1789 516 1842 vivendi
546 1797 649 1858 roroget
660 1789 757 1857 horem,
928 1785 929 1874 l

132 1859 256 1913 Rusticus
268 1865 402 1928 exspectet
414 1858 478 1911 dum
490 1859 508 1911 d
542 1865 588 1911 unt
600 1859 698 1922 umnis;
715 1865 745 1911 st
756 1857 802 1913 ille

132 1930 250 1998 Labitur,
262 1927 444 1983 etlubeturin
456 1943 532 1979 omne
544 1926 667 1980 volubilis
679 1943 772 1979 aevum.
927 1969 928 1978 2

132 2001 265 2064 Quaeritur
275 2004 415 2066 argentum
427 1997 566 2065 puerisque
578 1995 656 2048 besta
667 1996 786 2050 ersendis

130 2069 210 2134 Uxor,
223 2075 250 2122 et
261 2068 370 2121 insultes
379 2071 509 2146 petuntur
520 2082 624 2117 vomere
636 2065 725 2117 silvae:

131 2134 207 2196 Quod
219 2133 282 2186 sctis
293 2139 333 2186 cst
345 2149 388 2185 cur
400 2133 536 2200 contingit,
548 2133 616 2185 nihil
628 2133 741 2202 emplius
753 2138 834 2203 optet

129 2201 157 2255 N
157 2219 190 2254 on
202 2203 294 2255 domus
305 2208 333 2254 ct
343 2201 448 2268 fundus,
460 2219 514 2255 non
525 2202 583 2254 seris
595 2219 703 2256 cccmus
714 2209 742 2256 et
753 2204 813 2256 euri

129 2271 238 2337 AEgroto
249 2271 349 2324 domini
361 2271 471 2324 deduxit
483 2288 587 2340 corpore
598 2272 689 2339 febres,

129 2338 156 2388 N
156 2354 190 2388 on
201 2337 287 2389 urimo
299 2355 381 2391 curas.
417 2339 511 2392 Veleet
522 2357 649 2408 possessor
660 2345 769 2410 oportet,

130 2403 159 2454 Si
170 2405 337 2468 comportatis
348 2407 424 2459 rebus
436 2408 502 2460 bene
513 2409 612 2476 cogitet
625 2411 671 2464 uti

130 2468 183 2530 Qui
192 2469 268 2546 cupit
279 2476 327 2548 ent
337 2475 440 2540 metuit,
454 2477 527 2529 'uvat
538 2477 616 2530 illum
627 2479 665 2532 sic
676 2478 769 2532 domus
781 2484 810 2534 et
820 2495 869 2545 res,

130 2535 168 2586 Ut
179 2534 282 2612 lippum
293 2543 369 2614 prctae
381 2493 486 2610 totuin,
497 2544 614 2599 fomente
625 2548 775 2617 podagram,

137 2600 267 2653 luriculas
279 2603 386 2658 otherus
398 2609 506 2664 collecte
517 2613 591 2666 sorde
603 2615 726 2671 dolentes
924 2675 925 2682 ἶ
