1908 2886
18 132 23 199 5
311 112 377 166 sss
395 112 552 166 Pounrcs.
769 114 820 163 sss

18 202 23 262 l
49 211 171 266 Conversis
183 212 278 266 studiis
290 218 354 265 setes
365 212 518 280 erimusque
530 211 612 265 virilis

18 267 22 316 l
49 279 628 351 Quaessopeseosmsouns‚snservun0n0rr‚

48 351 199 404 commisisse
211 359 287 404 esset
298 351 367 421 quod
378 368 440 403 mox
452 355 554 402 mutnre
566 351 672 404 laboret„

18 405 22 491 l
47 419 124 473 llults
136 438 225 473 senem
236 420 446 473 circumveniunt
457 420 627 486 incommode,
639 420 681 473 rel
693 419 762 489 quod

17 525 18 538 o
47 489 135 552 Quaeril
148 497 174 542 et
186 490 301 543 inventis
312 491 391 542 miser
402 489 516 542 obstinet
527 506 558 542 sc
570 489 646 542 timet
658 489 707 556 uti,
773 491 821 543 170

17 569 18 585 ¹
47 558 88 611 Vel
99 559 167 628 quod
179 577 219 611 res
232 577 320 612 omnes
332 559 424 612 timide
436 558 572 626 gelideque
583 559 723 627 ministrat,

16 659 18 666 ·
45 627 147 695 Dilabor,
159 646 205 698 spe
216 629 317 696 longus,
329 629 406 695 iners,
418 628 561 696 avidusque
573 628 665 696 futuri,

14 679 20 760 l
44 696 163 764 Difficilis,
177 697 309 766 querulus,
321 698 442 750 laudator
453 696 577 764 temporis
589 698 643 750 scti

14 763 15 783 ¹
44 765 71 818 Se
99 784 169 832 uero,
182 768 324 835 castigetur
335 783 475 835 censorque
486 767 624 819 minorum.

12 815 16 904 l
43 785 123 888 Mults
134 836 223 888 ferunt
235 837 298 888 enni
310 837 444 889 venientes
456 835 590 888 commode
602 852 703 900 secum

43 904 125 957 Mults
136 905 285 958 recedentes
297 907 426 958 redimunt.
461 904 501 956 Ne
513 905 580 956 forte
593 905 685 957 seniles

11 957 12 983 ¹
42 973 198 1026 blandentur
207 976 299 1042 juveni
311 983 398 1043 pernes
411 991 543 1042 pueroque
556 974 651 1041 viriles,

43 1043 144 1112 Semper
155 1043 184 1094 iu
197 1045 328 1111 adjunctis
341 1061 447 1111 sevoque
459 1043 617 1095 morabimur
628 1043 705 1112 spbis.

43 1113 93 1165 Aut
104 1113 194 1181 agitur
205 1130 245 1164 res
257 1113 285 1165 in
298 1115 381 1165 scenis
392 1120 440 1164 eut
452 1121 512 1165 ecte
523 1113 643 1166 refertur.

41 1180 148 1250 Segnius
160 1182 266 1233 irritent
278 1184 377 1234 animos
390 1183 500 1234 demisse
512 1199 559 1250 per
570 1199 667 1248 sunem,
773 1185 823 1235 180

41 1250 121 1314 Quam
133 1267 192 1318 quae
205 1256 266 1303 sunt
278 1252 359 1304 oculis
371 1251 488 1320 subjectu
500 1250 620 1303 fidelibus
632 1258 659 1303 et
670 1268 729 1321 quus

39 1319 95 1389 lpse
108 1320 158 1372 sibi
170 1320 252 1372 trudit
264 1327 407 1389 spectator:
425 1337 478 1373 non
490 1327 577 1372 temen
590 1322 664 1372 intus

37 1388 124 1458 Digne
136 1389 192 1456 geri
204 1407 305 1459 promes
316 1390 345 1442 in
357 1407 460 1442 scenam
472 1389 609 1458 multoque
621 1389 696 1442 eolles

37 1457 74 1512 llx
87 1457 178 1526 oculis,
191 1476 249 1526 quse
260 1476 321 1512 mox
334 1465 422 1512 narret
434 1459 558 1512 fecundis
570 1475 689 1528 praesens.

7 1559 8 1587 o
35 1526 72 1582 lle
84 1545 182 1598 pueros
194 1544 280 1581 corum
291 1529 387 1598 populo
399 1528 493 1580 Medea
505 1529 626 1596 trucidet,

7 1589 9 1656 l
35 1601 87 1650 Aut
101 1597 220 1650 humens
250 1597 319 1650 elem
330 1604 424 1666 coquel
436 1604 499 1650 exte
510 1599 626 1650 nefarius
637 1598 739 1666 Atreus,

7 1661 9 1744 ᾗ
34 1669 87 1720 Aut
100 1667 130 1719 in
143 1683 219 1719 eveno
267 1684 330 1720 ocne
342 1673 467 1735 vertetur,
480 1667 592 1720 Cadmus
604 1668 632 1720 in
644 1685 764 1736 unguem.

7 1785 8 1796 ,
35 1735 215 1804 Quodcunque
228 1737 341 1788 ostendis
353 1736 419 1788 mihi
431 1738 475 1804 sic,
486 1737 637 1789 incredulus
649 1737 699 1792 odi.

7 1835 8 1854 o
32 1803 105 1858 Neve
117 1805 205 1857 minor
216 1822 268 1858 neu
280 1806 315 1858 sit
327 1806 418 1874 quinbo
430 1806 654 1874 productionem

32 1873 144 1942 Fabula,
158 1891 216 1943 quse
228 1875 299 1943 posci
310 1875 370 1928 rull
382 1882 408 1926 et
420 1882 538 1944 spectate
549 1876 655 1944 reponi:
773 1877 823 1926 190

31 1942 86 1996 Nec
100 1944 175 1996 Deus
187 1945 298 2011 intersit,
311 1945 362 1996 nisi
374 1945 470 2012 dignus
481 1945 585 1997 vindice
597 1945 681 1997 nodus

32 2012 163 2066 Incideris
170 2031 177 2077 ;
195 2030 243 2065 uso
255 2021 350 2080 quartu
361 2014 433 2082 loqui
445 2031 553 2083 persone
565 2013 671 2069 lsboreb.

31 2082 139 2136 Actoris
152 2089 240 2151 perles
252 2081 345 2135 chorus
357 2083 522 2152 officiumque
534 2083 609 2136 virile

30 2149 177 2218 Defendet,
189 2169 242 2203 neu
254 2152 317 2220 quid
329 2153 427 2204 medios
438 2153 579 2206 intercinat
590 2158 673 2216 sotus,

30 2219 112 2280 Quod
124 2238 180 2272 non
192 2221 322 2289 proposito
334 2222 463 2274 conducet
475 2230 502 2274 et
514 2221 612 2274 heeresb
623 2228 692 2290 epte.

29 2287 79 2342 Ille
93 2290 172 2342 bonis
184 2291 324 2358 faveatque
336 2298 364 2343 et
375 2291 526 2343 consilietur
538 2291 628 2358 amice,

27 2356 64 2410 Et
76 2365 159 2426 reget
170 2359 249 2412 nelos
261 2367 289 2412 et
301 2368 371 2413 emet
382 2377 475 2429 pnesre
488 2367 634 2425 tumentem

28 2425 79 2479 Ille
93 2427 178 2497 depes
190 2428 281 2481 leudes
292 2446 388 2482 mensae
400 2429 491 2495 brevis,
504 2430 549 2482 ille
561 2429 691 2484 salubrem

28 2493 47 2546 J
49 2497 176 2550 ustitiam
188 2497 309 2566 legesque
321 2505 348 2550 et
359 2499 456 2567 apertis
468 2499 522 2551 otis
534 2500 622 2567 portis,

27 2563 80 2616 Ille
93 2571 122 2619 le
160 2573 172 2618 t
184 2567 319 2620 commisse
330 2567 450 2635 Deosque
462 2575 582 2635 precetur
593 2574 620 2622 et
632 2574 695 2638 oreb,
772 2569 823 2621 200

29 2632 69 2687 Ut
131 2636 295 2704 submiseris,
307 2635 383 2690 obest
395 2637 502 2689 fortune
513 2637 637 2707 superbis.
