1866 2874
107 111 157 162 164
421 108 576 162 HORATII

104 213 209 265 (laecum
220 212 284 280 agit,
296 211 420 264 insanum
433 209 572 279 Chrysippi
585 212 700 278 porticus
711 214 738 264 et
750 228 817 280 grex

104 283 242 334 Autumst.
278 281 342 334 Hac
355 280 471 348 populos,
484 280 539 332 hac
551 296 661 346 magnos
672 281 784 333 formula
795 297 879 349 reges,

104 349 222 418 Excepto
235 349 360 417 sapiente,
373 355 452 402 tenet.
489 348 567 402 Nunc
579 350 677 416 accipe,
689 366 770 416 quare

104 418 244 486 Desipiant
255 433 343 472 omnes
356 435 429 484 aeque
442 435 472 470 ac
485 423 523 482 tu,
536 417 581 484 qui
595 418 644 468 tibi
656 435 751 472 nomen

105 487 201 539 lnsano
213 503 328 554 posuere.
364 487 445 540 Velut
457 486 537 552 silvis,
550 485 595 537 ubi
607 487 704 554 passim

105 555 228 608 Palantes
241 571 310 605 error
322 561 393 608 certo
405 555 438 608 de
450 555 556 606 tramite
568 555 651 622 pellit,

106 624 156 676 llls
165 623 350 690 sinistrorsum,
359 624 401 678 bic
409 623 575 676 dextrorsum
584 622 655 686 sbit;
667 640 736 676 unus
745 623 896 693 utriquest

105 691 191 758 Error,
204 692 248 744 sed
262 693 340 745 variis
352 692 442 746 illudit
455 691 588 760 partibus;
607 691 695 744 boote

105 761 186 814 Credo
198 761 274 814 modo
286 762 416 826 insanum,
428 760 512 812 nihilo
524 768 556 812 ut
569 761 711 828 sapientior
722 761 775 828 ille,

106 829 157 893 Qui
170 836 197 882 te
209 830 317 895 deridet,
330 830 442 882 caudam
454 829 550 882 trahat.
587 829 634 880 Est
646 846 730 896 genus
742 846 828 884 uuum

105 898 232 952 Stultitia
245 899 358 951 nihilum
369 898 512 950 metuenda
525 898 650 962 timentis,
663 905 693 949 ut
704 898 786 964 ignes,

106 967 144 1019 Ut
155 985 233 1035 rupes
244 967 388 1034 fluviosque
400 968 428 1018 in
441 967 538 1034 Campo
550 966 652 1018 obstare
664 974 805 1033 queratur3

105 1034 226 1087 Alterum
239 1041 266 1086 et
278 1035 340 1088 huic
353 1053 445 1088 varum
458 1042 484 1088 et
497 1035 580 1086 nihilo
592 1034 736 1101 sapientius
748 1034 824 1102 ignes

104 1099 156 1157 Par
167 1104 266 1155 medios
278 1103 423 1172 fluviosque
435 1104 551 1164 ruentis;
570 1103 665 1155 clamet
677 1104 763 1154 amica

105 1171 200 1237 Mater,
212 1172 322 1225 honesta
334 1191 404 1226 soror
416 1189 475 1225 cum
488 1172 613 1240 cognatis,
625 1176 707 1238 pater,
719 1187 802 1225 uxor:

107 1240 179 1293 “Hic
191 1241 259 1292 fossa
269 1253 308 1291 est
317 1240 423 1305 ingens!
443 1239 486 1292 hic
496 1257 573 1307 rupes
585 1240 716 1294 maxima!
736 1245 898 1308 sorvat”-;

105 1306 131 1358 N
132 1325 166 1360 on
178 1307 262 1373 magis
275 1306 387 1360 audierit
400 1323 478 1373 quam
491 1305 581 1358 Fufius
594 1305 679 1357 ebrius
691 1306 762 1373 olim,
864 1313 897 1362 60

107 1375 194 1438 Quum
207 1375 319 1428 Ilionam
332 1374 450 1440 edormit,
463 1373 578 1428 Catienis
589 1374 662 1428 millo
674 1374 803 1441 ducentis,
927 1371 928 1421 l

105 1443 121 1470 “
129 1443 223 1507 Mater,
236 1450 263 1494 te
276 1442 402 1512 appello,”
414 1442 597 1498 clamantibus
632 1443 704 1498 Huic
717 1461 765 1512 ago
778 1445 875 1514 vulgus

105 1509 194 1563 Errori
207 1512 318 1564 similem
330 1518 455 1564 cunctum
468 1512 582 1564 insanire
594 1511 697 1565 docebo.

106 1578 210 1631 Insanit
221 1585 321 1632 veteres
333 1586 434 1632 statuas
446 1580 622 1648 Damasippus
634 1581 759 1645 emend03

101 1647 213 1715 ,Integer
225 1654 264 1700 est
276 1649 372 1700 mentis
384 1649 538 1717 Damasippi
550 1649 667 1702 creditor.
679 1651 794 1706 -Estol
925 1687 926 1739 p

105 1715 225 1785 “Accipe
238 1717 306 1784 quod
318 1734 454 1784 nunquam
466 1717 558 1770 reddas
571 1716 660 1783 mihi‚’'
673 1719 696 1770 si
708 1719 758 1770 tibi
770 1720 866 1787 dicam,

105 1784 180 1839 {lune
191 1785 299 1838 insanus
312 1786 370 1852 eris,
382 1786 405 1838 si
416 1785 562 1854 acceperisl
580 1803 615 1837 an
627 1787 711 1852 magis
724 1803 823 1856 excors,
924 1829 925 1852 Ξ

106 1853 215 1922 Rejecta
226 1855 322 1922 prada,
335 1872 414 1922 quam
425 1871 538 1924 praesens
551 1854 698 1908 Mercurius
709 1855 780 1908 ferti
924 1855 925 1899 l

105 1922 195 1976 Scribe
207 1924 296 1976 docem
308 1941 324 1975 a
336 1923 429 1986 Nerio;
446 1939 499 1976 non
511 1929 551 1975 est
563 1923 639 1976 satis:
658 1925 726 1978 addc
739 1925 840 1980 tientes
923 1969 924 1992 Ξ

105 1992 203 2045 Nodosi
215 1993 319 2044 tabulas
332 1998 446 2057 eentum,
458 1991 530 2044 mille
542 1991 610 2044 adde
622 2000 742 2048 catenas:
866 1999 899 2050 70
923 1993 924 2060 l

105 2060 222 2129 Effugiet
234 2068 323 2114 tamen
335 2061 392 2112 baec
404 2061 544 2114 sceleratus
556 2061 662 2114 vincula
675 2061 786 2116 Proteus

106 2129 194 2194 Quum
206 2131 291 2198 rapies
303 2130 332 2181 in
340 2131 385 2197 jus
396 2129 473 2181 malis
485 2129 615 2183 ridentem
627 2129 727 2197 alienis,

106 2198 188 2250 Ficta
221 2217 242 2264 r,
249 2199 325 2251 modo
333 2199 396 2264 aris,
403 2199 479 2250 modo
489 2215 581 2250 saxum
591 2205 625 2261 et,
633 2215 715 2265 quum
725 2199 804 2264 volet,
814 2201 892 2254 arbor

105 2265 134 2318 si
145 2215 281 2319 mulcerem
292 2285 381 2334 gerere
393 2267 479 2320 insani
491 2272 537 2327 est,
551 2274 642 2320 contra
654 2268 727 2334 bene,
741 2270 816 2332 sani;

105 2334 229 2386 Putidius
240 2336 324 2387 multo
337 2334 469 2388 cerebrum
482 2342 527 2399 est,
540 2335 606 2388 mibi
619 2337 702 2400 creda
716 2337 815 2402 Perilli,

104 2403 244 2468 Dictantis,
257 2405 327 2470 quod
339 2410 370 2456 tu
382 2420 518 2472 nunquam
530 2403 669 2458 rescribere
682 2406 770 2472 possis.

104 2471 205 2524 Audire
216 2478 296 2537 atque
308 2479 396 2538 togam
404 2473 484 2539 jubeo
497 2489 552 2526 eom
574 2488 658 2538 onere,
673 2475 791 2542 quisquis

105 2537 255 2588 Ambitione
266 2538 336 2589 mala
348 2546 395 2590 aut
407 2541 509 2604 argenti
522 2558 539 2608 p
567 2540 604 2592 let
616 2559 711 2610 amore,

105 2603 229 2670 Quisquis
240 2603 347 2657 luxuria
359 2606 461 2662 tristive
473 2609 658 2674 superstitione
