1908 2886
269 61 521 116 EPISTOLARUM
539 60 579 112 11.
599 64 622 114 1.
788 65 838 114 225

1 161 2 172 ¹
53 161 202 230 Garganum
213 163 314 230 mugire
324 173 402 231 putes
414 180 505 215 nemus
517 167 564 214 aut
575 178 646 213 mare
658 159 780 229 Tuscum,

1 259 2 280 t
52 231 134 284 Tanto
147 249 208 284 cum
221 233 332 300 strepitu
344 231 400 284 ludi
413 237 565 300 spectantur
576 236 603 284 et
614 235 684 282 artes

51 299 209 370 Divitioeque
222 301 372 370 peregrina,
385 301 480 369 quibus
492 300 589 353 oblitus
601 306 674 352 actor

1 411 2 414 η
52 369 140 432 Quum
152 371 227 422 stetit
238 371 267 422 in
279 387 363 438 scena,
376 371 507 423 concurrit
519 370 627 422 dextera
639 368 717 422 lava.

1 479 2 504 ,
52 437 127 489 Dixit
138 437 225 489 adhuc
237 438 434 506 aliquidl-Nil
446 437 611 497 sane-Quid
624 437 710 506 placet
721 451 782 504 ergo
790 434 835 490 l-

51 505 123 558 lana
135 506 276 558 Tarentino
289 506 370 559 violas
382 506 487 559 imitata
498 523 604 560 veneno.

50 576 87 628 Ac
99 593 136 628 ne
147 575 215 627 forte
226 581 303 644 putes
315 593 364 642 me,
377 593 435 644 qua
447 576 532 628 faeere
544 575 599 646 ipse
610 593 734 642 recusem,

52 645 139 708 Quum
150 650 220 696 recte
232 650 347 697 tractent
358 645 412 712 alii,
424 644 532 698 laudare
542 645 671 712 maligne:

51 713 98 768 Ille
110 731 159 783 per
171 719 309 766 extentum
320 714 412 767 funem
423 715 489 766 mihi
501 730 574 783 posse
585 714 690 768 videtur
788 715 838 767 210

51 782 91 836 lre
103 784 193 852 poeta,
205 800 293 836 meum
306 783 351 851 qui
363 789 454 852 pectus
466 784 581 836 inaniter
593 782 675 852 angit,

1 855 2 920 J
51 851 151 918 Irritat,
163 851 269 919 mulcet,
280 853 353 905 falsis
366 853 505 906 terroribus
516 852 554 904 im
573 853 617 919 let,

1 945 2 990 y
50 921 86 974 Ut
98 938 201 988 magus,
213 927 241 974 et
252 921 327 974 modo
339 939 381 974 me
394 921 495 989 Thebis,
507 871 583 974 modo
595 921 670 991 ponit
682 921 799 975 Athenis.

1 1011 2 1026 ¹
50 990 151 1044 Verum
162 1007 211 1057 age
223 996 250 1042 et
262 991 311 1058 his,
323 991 369 1059 qui
381 1008 408 1044 se
420 991 511 1044 lectori
523 992 626 1046 credere
637 991 741 1044 malunt

51 1060 138 1125 Quam
150 1060 302 1127 spectatoris
313 1061 421 1113 fastidia
432 1061 500 1113 ferre
512 1061 623 1129 superbi,

51 1129 148 1182 diram
160 1129 239 1181 redde
250 1129 362 1196 brevem,
375 1130 397 1182 si
408 1147 506 1182 munus
519 1130 638 1198 Apolline
650 1130 761 1198 dignum

51 1198 96 1252 Vis
109 1198 240 1266 complere
252 1197 325 1250 libris
337 1205 364 1250 et
376 1199 481 1252 vatibus
493 1199 588 1252 addere
600 1199 693 1266 calcar,

51 1268 86 1320 Ut
99 1267 190 1321 studio
201 1269 298 1335 majore
310 1274 403 1337 petant
416 1269 544 1322 Helicona
555 1269 691 1322 virentem.

50 1337 141 1390 Multa
153 1337 258 1404 quidem
270 1337 344 1390 nobis
355 1337 467 1390 facimus
478 1338 549 1391 mala
562 1355 629 1406 saepe
640 1339 735 1406 poetae,
747 1366 782 1376 -

50 1406 87 1459 Ut
95 1408 188 1458 vineta
195 1411 297 1474 egomet
304 1406 402 1458 oaedam
410 1423 510 1474 mea—‚
519 1423 600 1476 quum
610 1406 660 1459 tibi
667 1407 764 1459 librum
789 1409 839 1458 9520

50 1475 169 1528 Sollicito
181 1475 273 1527 damus
285 1482 332 1529 aut
343 1477 425 1538 fess03
443 1493 524 1544 quum
536 1476 663 1543 laedimur,
675 1494 758 1530 unum

51 1544 78 1600 si
90 1545 151 1616 quis
163 1545 306 1596 amicorum
318 1551 357 1597 est
369 1562 447 1598 ausus
459 1545 646 1614 reprehendere
659 1563 775 1610 versum

51 1615 141 1678 Quum
153 1613 210 1666 loca
218 1615 275 1682 jam
286 1615 397 1667 recitata
408 1615 564 1668 revolvimus
576 1616 712 1669 irrevocati
718 1635 726 1680 ;

52 1684 141 1747 Quum
154 1682 329 1736 lamentamur
341 1701 394 1736 non
406 1702 530 1753 apparere
542 1683 641 1738 labores

51 1752 161 1806 Nostros
173 1757 200 1804 et
212 1752 287 1804 tenui
298 1753 411 1805 deducta
422 1755 544 1822 poemata
555 1753 615 1818 filo;

52 1822 144 1884 Quum
156 1838 288 1891 speramus
300 1839 330 1874 eo
342 1840 397 1874 rem
410 1830 554 1890 venturam,
567 1829 599 1875 ut
611 1822 689 1876 simul
701 1827 780 1890 atque

51 1891 176 1945 Carmina
187 1891 303 1944 rescieris
314 1908 361 1943 nos
373 1892 477 1959 fingere,
491 1892 639 1946 commodus
651 1891 720 1944 ultro

50 1963 174 2014 Arcessas
187 1965 213 2012 et
225 1977 300 2027 egere
311 1967 383 2013 vetes
395 1968 422 2014 et
434 1961 543 2014 scrihere
555 1978 638 2028 cogas.

52 2030 103 2083 Sed
117 2035 206 2082 tamen
218 2035 257 2082 est
269 2047 353 2098 operas
365 2031 480 2098 pretium
491 2047 650 2099 cognoscere,
663 2028 752 2098 quales

51 2099 176 2152 AEdituos
188 2098 284 2152 habeat
296 2099 358 2151 belli
371 2106 488 2168 spectata
500 2100 621 2168 domique
790 2099 842 2152 230

53 2169 149 2222 Virtus
160 2167 269 2234 indigno
280 2185 334 2221 non
346 2169 532 2222 committenda
544 2171 636 2238 poetae.

53 2239 152 2291 Gratus
165 2237 315 2290 Alexandro
327 2238 383 2305 regi
395 2239 493 2306 Magno
505 2239 558 2291 fuit
569 2238 615 2291 ille

53 2306 191 2374 Choerilus,
203 2307 311 2359 incultis
324 2308 369 2376 qui
382 2307 497 2362 versibus
509 2314 536 2361 et
547 2308 616 2360 male
628 2307 698 2360 natis

53 2375 172 2429 Rettulit
183 2381 310 2445 acceptos,
322 2377 410 2444 regale
421 2377 557 2439 nomisma,
570 2377 713 2446 Philippos.

53 2445 105 2498 Sed
118 2445 203 2498 veluti
214 2450 329 2498 tractata
340 2452 430 2498 notam
442 2446 579 2515 labemque
590 2447 730 2499 remittunt

54 2515 220 2581 Atramenta,
232 2515 286 2567 sere
299 2515 434 2584 scriptores
446 2517 560 2569 carmine
572 2516 641 2569 soedo

1 2581 2 2603 l
54 2583 199 2652 Splendida
211 2582 283 2637 fecta
294 2583 390 2639 linunt.
426 2585 500 2638 Idem
511 2603 558 2639 rex
570 2585 622 2652 ille,
635 2586 724 2653 potma

98 2666 165 2707 noa.
458 2673 475 2718 o
