1866 2874
112 91 164 144 170
434 93 587 147 HORATII

111 190 226 257 Porrigis
239 190 305 241 irato
317 207 396 257 puero
408 206 491 256 quum
503 205 587 256 poma,
600 197 715 244 recusat:

113 258 129 284 “
138 257 224 324 Sume,
237 260 362 313 catelle!”
386 261 475 328 Negat
488 280 495 322 ;
513 261 534 312 si
547 277 600 312 non
613 261 665 324 des,
678 266 768 328 optet:
787 265 894 311 amator

112 327 242 381 Exclusus
255 329 302 397 qui
315 331 403 397 distat,
416 332 472 398 agit
484 332 529 382 ubi
543 349 638 395 secum,
651 339 700 397 eat,
714 349 748 384 an
761 349 825 396 uon,
854 337 905 384 260

113 396 170 460 Quo
182 398 314 451 rediturus
327 408 383 451 erat
394 416 446 450 uon
459 401 604 464 arcessitus,
617 409 644 451 et
656 401 736 452 haeret

111 464 207 517 Invisis
219 467 334 519 foribusl
352 468 430 520 “Nec
442 466 537 533 nurci,
551 485 634 535 quum
646 486 689 520 me
700 472 778 519 vocat
790 468 876 536 ultro,

111 534 259 587 Accedeml
278 553 312 587 an
324 538 411 604 potius
423 537 534 588 mediter
546 538 620 588 finire
633 537 752 594 dolores?

111 603 251 666 Exclusit3
269 611 391 656 revocet:
410 603 532 654 redeam'l
551 603 617 668 Non,
630 604 652 654 si
668 602 808 655 obsecret.'’
838 603 906 654 Ecce

113 671 207 724 Servus
219 689 272 723 non
284 672 374 740 paullo
387 671 527 739 sapientior
539 688 545 722 ι
564 673 578 696 “
589 671 611 722 Ο
623 671 691 729 here,
704 689 761 738 quse
773 688 817 722 res

109 738 165 790 Nec
176 739 284 791 modum
296 739 375 790 habet
388 756 471 805 neque
483 738 628 804 consilium,
641 739 741 790 ratione
753 740 886 806 modoque

109 806 228 860 Tractari
240 825 292 859 non
305 807 369 860 vult.
406 807 439 858 In
450 823 537 859 amore
549 807 606 858 haec
618 815 680 859 sunt
692 807 769 872 mala,
781 807 891 872 bellum,

110 876 167 929 Pax
179 894 296 928 rursum:
316 877 370 927 haec
383 875 405 926 si
418 876 476 942 quis
489 876 652 943 tempestatis
664 893 743 943 prope
755 876 811 928 ritu

109 942 219 997 Mobilis
232 952 258 996 et
270 962 339 996 caeca
350 945 485 996 fluitantia
498 952 565 995 sorte
576 944 677 995 laboret

110 1012 227 1064 Reddere
239 1021 310 1064 certa
323 1013 380 1078 sibi,
392 1013 475 1064 nihilo
489 1013 548 1080 plus
561 1013 682 1080 explicet,
695 1012 761 1065 acsi
850 1014 903 1066 270

110 1080 228 1132 Insauire
240 1089 314 1148 paret
327 1088 399 1132 certa
410 1083 511 1133 ratione
524 1080 677 1148 modoque.”

109 1149 186 1215 Quid,
200 1167 280 1218 quum
293 1149 396 1201 Picenis
408 1166 550 1216 excerpens
563 1151 662 1202 semina
673 1149 757 1218 pomis

110 1219 218 1283 Gaudes,
231 1219 253 1270 si
266 1235 395 1270 cameram
407 1219 522 1285 percusti
534 1219 607 1283 sorte,
621 1236 699 1285 penes
711 1227 738 1270 te
750 1217 795 1272 esi

110 1288 187 1352 Quid,
199 1305 281 1354 quum
295 1287 372 1338 balba
384 1287 447 1338 feris
459 1303 556 1338 annoso
569 1287 647 1338 verba
659 1288 755 1354 palato,

108 1357 267 1408 AEdificanto
279 1373 350 1408 casas
364 1355 411 1423 qui
425 1355 527 1407 seniori
546 1355 621 1407 Adde
633 1373 751 1408 cruorem

109 1424 235 1477 Stultitiae
248 1432 327 1493 atque
339 1425 427 1490 ignem
439 1424 527 1490 gladio
537 1431 659 1476 scrutare.
686 1425 773 1492 Modo,
782 1425 903 1495 inquam,

109 1493 222 1546 Hellade
234 1511 356 1561 percussa
368 1493 468 1544 Marius
481 1509 562 1560 quum
575 1494 724 1561 praecipitet
736 1511 771 1560 se,

109 1561 225 1613 (lei-ritus
237 1562 307 1614 fuitl
326 1579 361 1614 an
374 1567 509 1626 commotae
522 1563 630 1613 crimine
643 1564 739 1614 mentis
926 1605 927 1618 ι

109 1629 233 1681 Absolves
245 1631 377 1682 hominem
390 1636 416 1681 et
429 1629 531 1681 sceleris
544 1630 679 1682 damnabis
691 1631 812 1696 eundem,
926 1619 927 1669 i

108 1698 150 1749 Ex
163 1715 234 1750 more
246 1698 382 1766 imponens
394 1706 506 1764 cognata
518 1698 646 1750 vocabule
657 1699 752 1753 rebusl
851 1704 905 1753 280

108 1765 258 1819 Libertinus
271 1775 335 1831 erat,
348 1767 394 1832 qui
407 1768 506 1818 circum
517 1767 632 1834 compita
645 1768 729 1819 siccus
925 1823 926 1830 ἶ

110 1836 202 1887 Lautis
214 1848 290 1883 mane
303 1847 381 1882 senex
394 1833 514 1882 menibus
527 1835 655 1896 currebat,
667 1840 701 1896 et,
714 1835 728 1860 ‘⁸
738 1833 837 1899 Unum,
848 1863 887 1875 -
925 1855 926 1921 q

112 1898 398 1965 Quidtsmmagnuml
417 1901 642 1965 addens-uuum
649 1918 691 1951 me
700 1902 801 1968 surpite
809 1905 905 1956 morti!

110 1971 160 2023 Dis
172 1969 270 2022 etenim
282 1968 358 2019 facile
370 1966 433 2029 est‚”
446 1967 554 2033 orabat5
571 1986 649 2020 sanus
661 1971 781 2037 utrisque

109 2035 226 2088 Auribus
238 2043 318 2103 atque
330 2035 427 2097 oculis;
444 2044 566 2100 mentem,
579 2037 630 2088 nisi
642 2038 781 2106 litigiosus,
924 2085 925 2102 ,

110 2103 251 2172 Exciperet
259 2104 387 2168 dominus,
397 2120 480 2170 quum
489 2105 618 2158 venderet.
629 2107 686 2158 Hoc
694 2125 800 2176 quoque
807 2109 906 2179 vulgus
924 2103 925 2175 l

111 2172 273 2241 Chrysippus
286 2173 360 2242 ponit
372 2172 486 2224 fecunde
498 2174 526 2224 in
538 2181 617 2240 gente
630 2174 745 2229 Meneni.

115 2246 129 2272 “
139 2245 254 2312 Jupiter,
268 2247 387 2314 ingentes
400 2246 447 2314 qui
459 2246 505 2298 das
517 2247 663 2315 adimisque
676 2245 803 2314 dolores,''

113 2312 202 2365 Mater
213 2315 252 2365 ait
263 2317 338 2381 pueri
350 2332 450 2368 mensos
459 2317 517 2382 jam
530 2317 645 2384 quinque
657 2315 787 2384 cubantis,
923 2319 924 2340 ¹

114 2383 129 2409 “
139 2381 247 2448 Frigida
259 2385 280 2433 si
293 2401 405 2450 puerum
417 2394 547 2451 quartana
559 2385 702 2452 reliquerit,
716 2385 763 2438 illo
853 2349 924 2441 -2901

113 2449 194 2502 Mene
207 2450 256 2514 die,
269 2468 320 2517 quo
333 2459 364 2503 tu
376 2453 470 2504 indicis
479 2455 590 2521 jejunia,
602 2454 689 2504 nudus

116 2517 150 2568 In
163 2517 250 2569 Tiberi
262 2518 366 2571 stabit.’'
403 2522 483 2573 Casus
495 2523 645 2576 medicusve
656 2521 752 2578 levarit

447 2604 573 2647 kNennnc

919 2711 922 2839 l
