1908 2886
258 106 509 163 EPISTOLARUM
528 102 569 155 II.
591 106 611 164 l,
631 105 654 154 2.

194 313 365 371 EPISTOLA
384 317 495 370 Ile-sn
507 331 613 368 runrnn
627 327 746 366 sinapis.

14 423 15 496 ,
75 423 175 488 Frons,
187 419 255 474 bono
266 421 387 490 claroque
398 420 482 474 fidelis
494 421 577 474 amice
589 420 693 487 Neroni,

75 493 102 545 Si
114 493 171 560 quis
182 491 250 544 forte
262 492 326 544 velit
338 507 448 560 puerum
461 491 510 542 tibi
522 490 633 543 vendere
644 498 738 542 natum

14 527 19 612 l
75 561 171 614 Tibure
183 559 224 613 vel
238 560 333 624 Gabiis,
339 566 366 613 et
377 566 465 613 tecum
477 561 514 612 sio
526 565 601 627 agat:
618 561 633 589 “
641 560 693 612 Hie
705 567 732 612 et

76 629 208 683 Candidus
220 636 248 682 et
260 630 326 682 talos
338 647 355 682 a
366 630 463 683 vertice
475 628 584 698 pulcher
596 629 629 682 ad
642 629 714 696 imos,

75 699 136 752 Fiet
147 699 249 766 eritque
260 705 323 752 tuus
335 716 502 751 nummorum
513 697 629 750 millibus
641 704 707 766 octo,

76 767 164 821 Verna
175 768 328 821 ministeriis
340 769 374 822 ad
385 773 467 820 nutus
479 773 557 836 aptus
569 766 671 834 heriles,

14 895 15 916 ,
76 837 213 891 Litterulis
226 837 322 890 Graecis
333 837 458 904 imbutus,
471 837 578 890 idoneus
591 837 643 889 arti

14 951 15 970 ,
77 906 207 970 cumben
224 906 318 974 argilla
330 906 434 975 quidvis
446 907 589 958 imitaberis
601 905 661 972 uda,

14 989 16 1044 ς
77 975 241 1042 Quinetiam
253 982 329 1028 canet
342 976 483 1041 indoctum,
496 975 540 1028 sed
553 976 630 1028 dulce
641 973 749 1028 bibenti.

14 1055 16 1080 ἱ
76 1045 166 1098 Multa
177 1044 256 1097 fidem
268 1045 393 1112 promissa
405 1045 501 1111 levant,
514 1045 560 1097 ubi
572 1045 675 1113 plenius
687 1060 761 1115 aeqno
830 1046 862 1097 10

14 1117 15 1132 ³
76 1115 182 1167 laudat
194 1114 305 1181 venales,
318 1114 364 1182 qui
376 1113 435 1168 vult
447 1114 592 1181 extrudere,
604 1131 709 1168 meroes.

14 1249 15 1256 ἵ
78 1184 129 1236 Res
141 1189 219 1252 urget
230 1201 272 1235 me
284 1183 372 1248 nulla3
388 1199 447 1235 meo
460 1201 518 1235 sum
530 1201 630 1252 pauper
641 1183 669 1234 in
681 1200 737 1236 sere

14 1271 15 1310 ξ
77 1253 164 1305 Nemo
175 1251 224 1304 hoe
236 1269 396 1320 mangonum
407 1253 506 1304 faceret
518 1253 581 1316 tibi;
599 1269 651 1306 non
663 1259 760 1306 temero
772 1269 788 1304 a
799 1267 841 1304 me

14 1319 16 1336 '
79 1323 171 1387 Quivis
182 1323 263 1374 ferret
274 1322 351 1375 idem.
386 1321 472 1375 Semel
483 1321 527 1374 hie
539 1322 657 1389 cessavit,
668 1328 702 1387 et,
713 1327 746 1374 ut
757 1320 796 1384 fit,

14 1419 16 1442 ι,
80 1391 114 1444 In
126 1391 203 1444 scalis
215 1391 294 1444 latuit
306 1397 425 1443 metuens
437 1391 575 1459 pendentis
587 1391 708 1444 habenae:
719 1420 756 1430 -

78 1460 131 1514 Des
143 1477 271 1527 nummos,
283 1467 394 1529 excepta
405 1460 474 1513 nibil
486 1466 512 1512 te
525 1461 547 1512 si
558 1461 623 1528 fuga
634 1460 714 1514 laedat
720 1458 745 1525 ;”

16 1589 17 1594 Ἰ
79 1530 129 1583 Ille
140 1530 210 1582 ferat
222 1530 336 1598 pretium
347 1546 430 1597 poena
442 1547 553 1596 securus,
566 1531 663 1598 opinor.

81 1598 200 1652 Prudens
213 1599 299 1651 emisti
311 1599 442 1665 vitiosum,
455 1600 527 1652 dieta
538 1599 587 1652 tibi
600 1607 639 1652 est
651 1600 708 1653 lex:

81 1668 229 1737 insequeris
241 1675 330 1720 tamen
342 1668 413 1720 hune
426 1675 453 1721 et
464 1668 511 1721 lite
523 1669 631 1721 moraris
643 1667 751 1738 iniqual

80 1736 145 1790 Dixi
157 1755 199 1790 me
211 1738 316 1806 pigrum
328 1737 501 1806 proficiscenti
513 1738 570 1806 tibi,
583 1738 640 1791 dixi
834 1737 869 1790 20

80 1807 190 1860 'lalibus
202 1807 291 1859 officiis
305 1824 384 1876 prope
396 1824 526 1874 maneum,
539 1825 642 1860 nemea
654 1823 737 1860 saevus

81 1877 100 1929 J
183 1893 210 1928 es
223 1876 257 1929 ad
269 1883 295 1929 te
308 1877 377 1946 qnod
389 1877 500 1945 epistola
511 1877 586 1928 nulla
597 1877 700 1930 rediret

82 1893 183 2010 ollii

82 2013 109 2069 si
122 2023 214 2069 tamen
226 2014 358 2068 attentas?
377 2015 497 2080 Quereris
510 2032 587 2084 super
598 2015 647 2066 hoe
658 2014 746 2081 etiam,
759 2013 828 2084 quod

81 2084 245 2155 Exspectata
256 2084 305 2136 tibi
317 2101 370 2137 non
381 2085 487 2136 mittam
499 2085 615 2137 earmina
626 2084 747 2138 mendax.

81 2153 191 2207 Luculli
202 2153 277 2206 miles
289 2153 398 2206 collecta
409 2154 507 2206 viatica
518 2153 610 2207 multis

82 2223 227 2289 AErumnis,
239 2222 322 2276 lassus
334 2223 398 2275 dum
409 2229 490 2276 noctu
503 2223 596 2290 stertit,
609 2222 643 2276 ad
655 2239 739 2275 assem

83 2291 240 2346 Perdiderat
247 2311 254 2356 ;
272 2299 330 2362 post
342 2292 391 2344 boe
403 2292 541 2346 vehemens
553 2293 631 2360 lupus
644 2299 670 2345 et
683 2292 732 2345 sibi
744 2295 771 2346 et
782 2291 853 2347 hosti

84 2361 175 2416 Iratus
186 2362 292 2442 pariter,
300 2362 400 2431 jejunis
413 2361 536 2414 dentibus
548 2379 615 2429 acer,

84 2428 241 2484 Praesidsum
253 2431 340 2500 regale
352 2431 408 2483 loeo
420 2431 521 2501 dejecit,
533 2437 565 2484 ut
577 2431 660 2499 aiunt,
837 2427 874 2488 30

84 2499 194 2554 Summe
205 2501 308 2553 munito
320 2505 347 2553 et
357 2498 503 2554 multarum
513 2500 596 2554 divite
607 2517 702 2554 rerum.

26 2629 28 2642 ,
86 2568 180 2624 Clarus
191 2569 224 2623 ob
235 2569 263 2622 id
274 2570 377 2622 factum
388 2570 462 2623 donis
475 2575 582 2623 ornatur
592 2569 722 2634 honestis3

26 2645 27 2650 ’
87 2639 194 2709 desipit
205 2644 232 2694 et
243 2638 284 2692 bis
296 2639 363 2692 dena
375 2657 452 2709 super
464 2639 582 2692 sestertia
594 2638 740 2692 nummdm.

180 1963 224 1997 um
236 1947 341 2014 profeci,
354 1962 457 1998 mecum
468 1945 593 1998 facientia
601 1948 664 2014 jura
