1908 2886
154 165 207 216 224
472 160 627 214 nous'fil

151 269 220 326 Nam
232 270 314 340 spiret
326 271 457 338 tragicum
471 270 534 322 satis
546 276 573 322 et
585 269 697 322 feliciter
708 269 796 336 audet,

153 341 205 394 Sed
218 347 322 410 turpem
333 345 412 408 putat
423 341 517 392 inscite
528 339 674 407 metuitque
686 339 801 392 lienam

155 410 283 476 Creditur,
295 427 329 461 cx
340 409 426 462 medio
439 410 501 477 quia
511 425 552 460 res
563 409 677 474 arcessit,
689 407 785 460 habere

153 478 260 532 Sudoris
270 479 417 546 minimum,
429 479 473 530 sed
486 478 566 530 habet
577 477 703 530 comredia
715 483 790 530 tsnto

150 546 214 600 Plus
223 547 314 614 oneris,
322 554 421 617 quanto
430 549 513 600 renim
521 547 615 600 minus.
634 547 753 615 Adspice,
762 547 879 600 Plautus
894 549 941 600 170

152 617 208 680 Quo
220 623 296 686 pacto
308 623 396 686 partes
408 622 511 669 tutetur
521 617 635 670 amantis
647 616 749 685 ephebi,

151 685 189 738 Ut
200 685 283 754 patris
295 687 399 752 attenti,
411 687 512 738 lenonis
524 691 556 738 ut
567 685 698 750 insidiosi;

152 755 273 818 Quantus
285 756 320 809 sit
332 755 480 808 Dossennus
492 755 614 808 edacibus
626 755 654 806 in
667 755 797 824 parasitis,

152 823 236 888 Quam
248 841 301 878 nou
313 824 437 878 adstricto
449 830 584 894 percurrat
595 825 700 894 pulpita
711 839 797 887 socco3

153 893 238 946 Gestit
249 894 319 946 enim
331 911 469 947 nummum
481 895 509 948 in
521 894 618 946 loculos
631 894 775 962 demittere,
787 900 848 964 poet
860 895 910 947 hoc

152 962 271 1030 Semirus,
283 963 368 1030 cedat,
380 981 415 1016 an
425 970 496 1016 recto
509 969 560 1016 stet
572 963 662 1016 sabula
673 963 733 1016 talo.

152 1032 236 1096 Quem
248 1033 312 1086 tulit
324 1033 358 1086 ad
371 1049 474 1086 scenam
487 1039 592 1086 ventoso
605 1033 692 1086 Gloria
704 1049 791 1102 curru,

151 1100 294 1154 Exanimat
305 1103 392 1156 lentus
405 1109 540 1170 spectator,
553 1100 657 1154 sedulus
669 1101 758 1154 inflat:

151 1170 194 1223 Sic
205 1171 270 1239 lere,
282 1172 319 1224 sic
330 1188 442 1239 parvum
454 1177 500 1237 est,
513 1171 629 1224 animum
643 1171 712 1238 quod
723 1171 811 1224 laudis
822 1187 930 1226 avarum

151 1239 260 1293 Subruit
272 1245 319 1294 aut
331 1241 421 1293 reficit.
458 1241 552 1294 Valeat
563 1257 603 1292 res
616 1241 724 1308 ludicro,
737 1241 759 1292 si
771 1257 814 1293 me
891 1244 936 1292 180

154 1307 246 1362 Palma
257 1315 354 1378 negata
365 1327 489 1374 macrum,
502 1310 599 1362 donata
610 1310 713 1362 reducit
725 1309 850 1378 opimum.

152 1379 225 1448 Saepe
238 1379 317 1431 etiam
330 1379 455 1432 audacem
467 1378 544 1447 fugat
555 1379 604 1431 hoc
616 1385 747 1448 terretque
760 1381 875 1447 poetam,

152 1448 227 1511 Quod
239 1465 347 1501 numero
359 1449 454 1518 piures,
466 1448 565 1502 virtute
577 1453 604 1501 et
616 1448 713 1501 honore
723 1449 844 1516 minores,

152 1515 256 1569 Inducti
269 1518 409 1586 stolidique
421 1523 448 1570 et
460 1518 610 1586 depugnare
621 1519 714 1586 parati,

151 1585 179 1638 Si
191 1585 321 1640 discordet
333 1604 418 1655 eques,
430 1587 517 1640 medis
528 1588 598 1639 inter
610 1587 725 1640 carmine
736 1591 849 1654 poscrmt

151 1655 207 1707 Aut
220 1672 309 1708 ursum
321 1663 369 1709 sut
380 1657 497 1724 pugiles3
514 1656 555 1710 bis
567 1673 629 1708 nam
641 1655 776 1724 plebecula
787 1655 899 1724 plaudit.

152 1723 251 1776 Verum
263 1725 358 1792 equitis
371 1743 473 1794 quoque
481 1727 538 1794 jam
549 1725 674 1792 migravit
685 1724 719 1778 sb
730 1741 795 1778 aura
806 1725 927 1794 voluptas

152 1792 243 1846 Omnis
254 1794 289 1846 ad
300 1794 411 1848 incertos
424 1795 511 1848 oculos
523 1801 550 1848 et
561 1795 659 1862 gaudis
670 1811 746 1848 rana

152 1862 283 1927 Quattuor
294 1870 342 1917 sut
352 1864 440 1933 plures
453 1863 536 1916 sulaes
548 1870 704 1933 premuntur
714 1864 743 1915 in
754 1862 838 1930 horas,

151 1931 221 1984 Dum
228 1933 336 2001 fugiunt
343 1935 460 2002 equitum
469 1939 562 1986 turmae
569 1933 739 2002 peditumque
746 1939 859 1986 catervas
866 1951 874 1998 ;
888 1935 935 1985 190

150 2000 216 2055 Mox
228 2003 344 2056 trahitur
354 2002 475 2056 manibus
486 2020 579 2071 regum
590 2004 696 2058 fortuna
707 2002 819 2071 retortis,

150 2073 249 2130 Esseda
260 2075 395 2142 festinant,
407 2074 514 2143 pilenta,
526 2075 658 2143 petorrita,
670 2089 756 2139 naves,

151 2144 290 2213 Captivum
303 2150 423 2214 portatur
435 2144 504 2210 ebur,
517 2145 622 2212 captivs
634 2141 781 2197 Corinthus.

150 2212 179 2266 Si
190 2214 257 2267 foret
269 2215 297 2267 in
310 2215 392 2282 terris,
403 2213 499 2266 rideret
511 2213 682 2280 Democritus,
694 2228 739 2264 seu

150 2281 289 2336 Diversum
301 2286 408 2337 confusa
420 2301 500 2350 genus
512 2283 641 2350 panthera
652 2281 758 2349 camelo,

151 2351 211 2404 Sive
223 2352 328 2420 elephas
340 2355 415 2408 albus
428 2353 501 2420 vulgi
514 2358 675 2405 converteret
687 2369 732 2404 ora
739 2369 746 2416 ς

151 2420 286 2487 Spectaret
298 2424 425 2491 populum
436 2422 506 2474 ludis
518 2422 646 2474 attentius
658 2421 728 2490 ipsis,

150 2489 188 2540 Ut
200 2488 249 2540 sibi
261 2491 419 2557 praebentem
432 2492 511 2543 mimo
524 2491 672 2558 spectacula
684 2489 776 2558 plura,

150 2557 292 2623 Scriptores
304 2567 391 2610 sutem
403 2577 508 2612 uerrere
520 2565 626 2628 putaret
638 2559 717 2612 asello

151 2623 285 2704 {abellam
297 2627 380 2678 surdo.
415 2628 483 2679 Nam
496 2645 553 2694 quae
566 2630 714 2697 pervincere
726 2645 802 2682 voces
887 2631 936 2682 200

161 2690 279 2744 ⁴«valuere
291 2708 391 2759 sonum,
403 2697 521 2748 referunt
533 2715 610 2765 quem
622 2709 710 2752 nostra
722 2698 847 2754 theatra?
