1908 2886
138 111 188 164 176
450 111 604 166 Hounrn

134 216 142 242 ‘
171 231 239 268 onne
250 215 335 267 vidoe'
344 243 379 254 -·-
387 215 483 282 aliquis
495 214 585 265 cubito
597 217 710 264 stantem
722 228 803 280 prope
813 219 923 280 tangent

101 273 132 356 l,
170 285 244 352 quiet
255 313 297 351 -,
310 285 356 336 ‘ut
368 284 479 352 patiens,
492 289 524 336 ut
536 281 626 334 amicis
638 287 724 349 aptus,
735 287 768 332 ut
778 297 840 335 ocor
849 281 868 336 l’

159 360 228 412 luree
240 359 377 412 adnabunt
389 357 487 410 thunni
499 363 526 410 et
538 357 635 409 cetaria
647 363 770 410 crescent.

135 427 163 480 Si
172 429 216 480 cui
228 434 353 496 preterea
365 427 468 480 validus
480 427 549 478 malo
560 427 630 478 filine
642 426 670 477 in
682 441 711 478 re

135 495 264 549 Prreclara
276 495 395 548 sublatus
407 496 500 562 aletur,
512 512 546 546 ne
557 495 727 546 manifestum

135 564 237 616 Oaelibie
250 564 403 631 obsequium
415 565 498 616 nudet
510 571 544 629 te,
557 563 652 614 leniter
663 565 692 615 in
704 563 778 632 spem

134 632 238 700 Adrepo
251 633 385 699 officiosus,
397 639 430 685 ut
442 639 469 685 et
481 632 593 684 scribare
605 633 735 684 secundus

134 699 217 753 Herae
229 707 263 767 et,
276 701 298 753 ei
310 702 369 770 quio
381 718 455 752 oaeue
468 717 578 769 puerum
590 701 673 766 egerit
686 701 759 766 Oroo,

134 768 167 821 In
180 787 293 822 vacuum
306 771 410 832 veniam
427 785 531 838 perraro
544 769 600 820 haeo
612 769 671 820 alea
682 768 760 821 fallit.
892 771 923 820 60

134 837 187 899 Qui
199 845 386 890 testamentum
399 839 487 890 tradet
498 837 548 889 tibi
560 853 663 904 cunque
674 836 824 904 legendum,

133 906 255 958 Abnuere
268 913 295 958 ot
307 906 410 958 tabulae
422 923 438 958 a
450 913 477 958 te
488 923 620 958 removere
632 913 771 973 memento,

133 974 177 1026 Sic
189 982 285 1041 tamen,
298 981 330 1027 ut
342 975 516 1043 limitropho,
529 975 593 1042 quid
606 975 691 1042 prima
703 975 818 1027 secundo

134 1043 198 1096 Cera
209 1044 275 1095 velit
286 1059 378 1106 vemu;
397 1043 465 1096 eolus
477 1043 603 1094 multisne
616 1043 727 1110 coheres,

133 1110 223 1164 Veloci
235 1128 356 1180 percurre
368 1111 449 1165 oculo.
485 1112 643 1178 Plerumque
655 1117 774 1164 recoctus

133 1177 223 1232 Scriba
234 1197 268 1232 ox
280 1181 344 1248 quin
363 1181 452 1232 ueviro
464 1197 572 1232 corvum
584 1180 693 1232 deludet
704 1179 831 1248 hiantem,

132 1252 309 1318 Captatorque
321 1249 355 1300 da
373 1249 395 1299 it
406 1249 474 1300 risus
486 1249 582 1300 Nasica
594 1249 717 1302 Oorano.”

131 1319 145 1346 “
156 1319 226 1370 Num
238 1317 324 1370 furis?
342 1334 377 1369 an
387 1317 502 1384 prudens
515 1317 584 1368 ludis
596 1333 638 1368 me
650 1317 760 1370 obscura
771 1315 890 1370 canendo
898 1315 924 1369 l''

131 1385 176 1438 “O
191 1385 335 1451 Laertiade,
348 1385 477 1454 quidquid
489 1385 582 1449 dicam,
595 1392 643 1437 aut
654 1387 705 1438 erit
715 1393 765 1438 aut
776 1403 846 1440 non:

131 1453 258 1506 Divinare
270 1455 368 1506 etenim
380 1471 491 1520 magnus
503 1454 569 1504 mihi
581 1454 661 1506 donat
675 1454 792 1522 Apollo.’‘
890 1458 924 1506 60

131 1520 224 1583 “Quid
238 1528 327 1573 tamen
338 1523 390 1573 ista
402 1523 468 1574 velit
479 1522 529 1573 sibi
540 1522 638 1586 fabula,
652 1523 673 1573 ai
685 1522 756 1588 licet,
768 1521 841 1576 ede.”

130 1589 280 1656 “Tempore
292 1605 343 1656 quo
350 1591 457 1654 juvenis
471 1589 576 1642 Parthis
588 1590 740 1654 horrendus,
752 1590 787 1644 eb
797 1591 854 1645 alto

131 1652 279 1708 Demiseum
291 1673 374 1722 genus
386 1655 477 1722 AEnea,
488 1655 584 1707 tellure
595 1656 714 1723 marique

131 1721 246 1790 Magno·
258 1724 315 1787 erit,
328 1724 390 1775 forti
402 1724 485 1776 nubet
497 1739 603 1792 procera
615 1724 714 1776 Corano

131 1791 201 1844 Filia
213 1793 238 1844 N
239 1791 321 1856 asioae,
334 1793 477 1844 metuentis
488 1792 596 1844 reddere
608 1791 718 1845 eoldum.

131 1860 199 1912 'lum
211 1876 290 1927 gener
302 1860 351 1912 hoc
363 1861 456 1913 faciet:
475 1860 580 1912 tabulas
592 1877 678 1912 socero
690 1860 766 1914 dabit
777 1867 861 1932 atque

131 1929 169 1981 Ut
180 1929 252 1996 legat
264 1929 364 1992 orabit3
381 1929 498 1980 multum
510 1928 608 1980 Nasica
619 1935 728 1996 negatae

130 1998 250 2065 Accipiet
263 1997 371 2049 tandem
383 2004 410 2050 et
422 1999 520 2050 tacitus
532 1997 610 2064 leget,
622 1998 793 2067 invenietque

130 2065 176 2117 Nil
188 2066 238 2117 eibi
250 2066 366 2132 legatum
378 2073 474 2133 praeter
486 2067 587 2134 plorare
600 2067 712 2134 atrisque.

131 2132 203 2185 Illud
214 2135 249 2186 ad
262 2134 319 2186 hoec
327 2135 420 2204 jubeo:
439 2135 534 2186 mulier
547 2135 568 2186 si
580 2135 647 2186 forte
660 2135 749 2188 dolosa
894 2139 928 2191 70

130 2200 283 2255 Libertusve
296 2220 383 2254 senem
396 2203 508 2255 delirum
521 2208 655 2270 temperet,
668 2203 722 2255 illis

129 2270 244 2322 Accedes
259 2272 359 2334 eooius;
377 2273 475 2339 laudea,
488 2272 602 2324 lauderis
615 2277 646 2323 ut
657 2272 758 2325 absens.

129 2337 248 2404 Adjuvut
259 2339 308 2391 hoc
320 2357 430 2409 quoque,
445 2341 488 2392 eod
502 2341 585 2392 vincit
597 2340 681 2407 longe,
694 2341 766 2408 prius
778 2340 871 2410 ipsum

129 2405 289 2472 Expugnare
302 2416 390 2476 caput.
426 2409 526 2462 scribet
538 2409 608 2460 mala
620 2411 737 2462 carmina
748 2427 854 2466 vecors:

129 2473 255 2526 Laudato.
290 2475 423 2529 Scortator
435 2479 497 2530 erit:
516 2495 579 2530 cavo
592 2485 618 2528 te
629 2485 719 2544 roget3
737 2477 809 2531 ultro

129 2540 287 2607 Penelopam
299 2542 383 2594 facilis
397 2547 490 2611 potiori
503 2543 601 2598 trade.”
639 2547 779 2600 “Putasne
790 2545 801 2600 l

143 2605 241 2658 'erduoi
252 2607 349 2674 poterit
361 2618 416 2661 tem
428 2613 499 2678 frugi
511 2621 618 2682 tamque
630 2616 734 2684 pudica,
