1866 2874
110 86 144 148 ’76

423 93 579 147 Houhun

272 291 421 347 GARMEN
439 291 595 346 XXV.-an
609 307 748 346 succuum

185 405 246 470 Quo
257 423 308 473 me,
320 405 431 474 Bacche,
442 406 513 473 rapis
525 406 565 457 tui

219 473 348 526 Plenuml
367 491 424 543 quae
437 491 544 526 nemora
555 478 603 527 aue
615 489 679 542 ques
690 489 753 540 ager
765 472 795 525 in
808 489 903 542 specus

113 573 119 581 ·
184 541 269 594 Velox
280 548 369 595 mente
380 543 465 595 noval
483 543 578 610 quibus

219 610 311 664 Antiis
323 612 421 680 egregii
434 612 541 664 Oeesaris
553 611 646 664 audies

183 678 325 732 AEternum
336 679 467 733 meditans
479 680 559 732 decus

219 747 307 801 Stellio
319 749 432 801 inserere
444 756 471 801 et
483 749 591 802 consilio
603 750 623 802 J
624 747 697 802 ovisl

183 816 278 870 Dicam
289 819 393 886 insigne
404 835 494 871 recens
506 818 593 870 adhuc

219 885 354 938 Indicium
366 903 409 939 ere
421 887 480 940 alio,
516 887 577 940 Non
588 903 662 939 secus
674 887 703 939 in
711 886 785 955 jugis

183 954 322 1007 Exsomnis
335 960 424 1024 stupet
436 956 518 1008 Euius

218 1022 339 1074 Hebrum
351 1025 511 1093 prospiciens
523 1029 551 1078 et
562 1026 624 1080 nive
636 1025 776 1078 candidam
878 1027 908 1074 10

184 1091 303 1144 'thiacen
315 1109 346 1145 aa
358 1094 424 1162 pede
436 1093 546 1148 barbaro
923 1103 924 1156 l

219 1160 371 1214 Lustratum
385 1163 536 1233 Rhodopen,
549 1168 581 1216 ut
593 1162 660 1215 mihi
671 1161 747 1215 devio

185 1228 219 1281 Ri
239 1247 267 1282 as
279 1235 307 1282 ei
318 1247 432 1284 vacuum
444 1249 537 1284 nemus

250 1299 313 1352 irari
324 1299 396 1354 libet.
433 1299 454 1353 Ο
467 1301 602 1354 Naiadum
613 1305 706 1370 poiens

184 1367 400 1437 Baccharumque
411 1369 559 1422 valentium

219 1435 342 1490 Procerus
353 1438 475 1490 manibus
487 1445 588 1492 vertere
600 1439 725 1506 fraxinos,

184 1504 230 1559 Nil
261 1523 354 1560 arvum
366 1513 414 1559 eut
426 1507 522 1560 humili
533 1508 617 1576 modo,

245 1573 265 1624 il
276 1575 386 1627 mortale
398 1575 496 1644 loquar.
531 1577 616 1630 Dulce
626 1577 775 1646 periculum
786 1580 835 1632 esi.

186 1641 208 1694 0
221 1641 321 1709 Lenaee,
335 1645 407 1712 sequi
418 1645 505 1696 Deum

221 1710 376 1779 (lingentem
389 1713 465 1766 viridi
477 1721 595 1784 tempora
606 1715 738 1784 pampino.
875 1719 908 1772 20

263 1885 415 1941 GARMEN
432 1886 603 1941 xxva-n>
615 1901 759 1940 vaunnam
923 1853 924 1942 i

185 1993 257 2048 Vm
268 1996 363 2064 puellis
375 2013 459 2066 nuper
470 1997 586 2063 idoneus,

186 2063 222 2118 Ee
234 2065 347 2118 militavi
359 2083 412 2118 non
425 2066 480 2118 sine
492 2067 590 2134 gloria;

219 2133 298 2186 Nunc
310 2151 383 2187 arma
395 2134 603 2203 defunctumque
615 2135 683 2189 bello

254 2202 382 2256 Barbiton
394 2203 438 2256 hic
450 2205 535 2273 paries
547 2203 662 2270 habebit,

187 2268 296 2323 Laevum
307 2273 416 2324 marinae
428 2273 474 2342 qui
487 2273 595 2326 Veneris
606 2273 678 2325 latus

185 2338 312 2392 Custodit.
348 2341 402 2393 Hic
413 2341 457 2394 hic
469 2343 558 2409 ponite
570 2341 659 2394 lucida

219 2405 334 2459 Funelia
346 2413 373 2460 et
385 2415 472 2462 vectes
484 2415 511 2462 et
523 2426 600 2462 arcus

255 2473 388 2541 Oppositis
400 2476 499 2529 foribus
511 2479 633 2530 minaces.

186 2539 208 2591 0
220 2555 279 2607 qua
291 2540 396 2594 baalam
408 2543 469 2595 dive
480 2550 554 2597 tenes
566 2546 682 2613 prmm
694 2549 722 2598 ei

186 2605 326 2676 Memphin
337 2615 468 2661 carentem
481 2611 601 2666 Sithonia
612 2614 681 2681 nive,
879 2619 908 2671 10
921 2631 924 2676 j
