1866 2874
423 93 582 146 HORA'l'll

400 291 529 345 sirmi
548 287 595 343 IV.

107 401 123 428 “
131 399 208 452 Unde
220 402 247 450 et
259 412 311 462 quo
324 393 414 446 Cetius
423 391 449 444 l''
469 392 552 444 “Non
563 397 603 444 est
615 391 682 443 mihi
693 398 798 460 tempus
811 393 901 446 eventi

109 464 208 516 Ponere
220 463 296 528 signe
307 462 382 514 novis
394 462 538 530 praeeeptis,
551 460 641 528 quslie
652 460 761 512 vincant

108 531 279 648 {serr
287 530 513 665 bilibit
523 524 832 667 emet

372 637 378 663 l

111 666 321 735 Interpellsrim3
339 669 384 720 sed
397 669 442 720 des
454 669 558 721 reniam
569 667 652 720 bonus
664 683 714 719 oro.

110 736 186 798 Quod
198 737 221 788 si
232 736 395 790 interciderit
407 738 456 789 tibi
467 755 539 789 nunc
551 736 658 803 aliquid,
670 739 771 803 repetes
783 749 855 800 mex,

110 802 170 855 Sive
182 807 222 854 est
233 807 336 854 neturae
348 803 398 855 hoe
410 804 465 855 sive
476 804 548 869 artis,
559 803 642 854 mirus
653 802 789 869 utreque.”

110 871 207 934 “Quin
219 871 247 922 id
259 877 315 924 eret
327 887 404 939 eures,
417 888 468 939 quo
480 880 557 940 paeto
569 877 666 923 ennete
678 875 802 937 tenerem,

109 939 209 1007 Utpote
220 957 262 992 res
274 947 365 992 tenues
377 942 453 992 tenui
465 957 582 993 sermone
593 937 735 1008 pesestas.”

109 1007 184 1060 “Ede
193 1008 307 1060 heminis
315 1025 418 1075 nomen,
426 1009 505 1061 simul
514 1017 542 1061 et
554 1009 687 1060 Romanus
696 1023 730 1059 en
740 1007 859 1075 hospes.”
870 1009 899 1056 10

109 1075 123 1104 ‘⁴
132 1075 192 1142 Ipse
203 1091 302 1128 memor
313 1084 444 1146 praeeeptt
455 1093 556 1139 samm,
569 1076 697 1129 celabitur
708 1083 808 1128 auster.

108 1143 199 1212 lenge
210 1143 305 1224 quibus
317 1142 397 1194 iacies
409 1143 464 1194 evis
476 1143 533 1209 erit,
546 1142 594 1195 ille
604 1147 743 1209 memento,

109 1213 147 1266 Ut
159 1229 229 1264 sueer
240 1210 355 1263 melioris
366 1217 394 1263 et
405 1217 437 1262 ut
448 1212 532 1278 magis
544 1211 604 1263 elbs
615 1211 742 1275 retundis,

107 1281 223 1344 Ponere;
240 1295 354 1347 nemque
365 1297 465 1332 merem
477 1279 600 1332 cohibent
611 1279 707 1330 eelloss
719 1277 848 1332 vitellum.
926 1287 927 1310 ἢ

109 1351 190 1403 Oeule
202 1349 357 1414 suburbano,
369 1348 416 1416 qui
428 1349 502 1400 siccis
515 1349 598 1400 erevit
609 1347 637 1398 in
650 1348 726 1414 egris,
926 1315 927 1409 l

108 1418 232 1482 Dulcior;
249 1417 348 1484 irriguo
360 1416 429 1468 nihil
441 1423 481 1468 est
493 1417 590 1468 elutius
602 1416 685 1468 horto.

109 1487 137 1539 si
150 1503 194 1539 ves
253 1487 313 1537 inus
325 1484 411 1538 subito
423 1491 451 1537 te
462 1485 619 1554 oppresserit
631 1485 731 1553 hospes,

109 1555 150 1607 Ne
162 1493 262 1622 gem.
273 1554 373 1606 melum
385 1561 518 1622 responset
530 1554 597 1606 dure
604 1553 704 1672 peleto,
925 1615 926 1620 Ἰ

109 1623 210 1675 Doctus
222 1623 272 1674 eris
284 1623 372 1674 vivam
383 1623 468 1675 mixto
480 1639 592 1674 mersere
626 1623 715 1673 elerno
722 1639 730 1685 ;
925 1623 926 1654 l

110 1691 168 1743 Hoe
180 1697 297 1743 tenerem
309 1691 396 1744 ieeiet.
432 1690 628 1743 Pretensibuso
648 1690 713 1742 time
724 1689 815 1757 fungis
867 1690 900 1740 20

109 1759 135 1813 N
136 1766 213 1812 ature
225 1766 279 1822 est;
297 1759 355 1811 eliis
367 1760 436 1812 mele
448 1759 571 1812 ereditur.
608 1708 657 1811 lie
669 1759 786 1810 salubres

110 1829 225 1882 AEstates
238 1834 352 1896 peraget,
366 1829 412 1896 qui
424 1829 505 1895 nigris
518 1827 628 1896 prendit
640 1827 718 1878 moris

110 1898 206 1964 Finiet,
219 1903 281 1949 ente
293 1913 399 1964 grsvem
411 1913 470 1965 quae
482 1896 576 1964 legerit
588 1895 678 1947 erbore
690 1895 780 1949 selem.

109 1967 231 2019 Aufidius
242 1965 305 2017 ferti
316 1965 443 2018 miscebat
455 1965 534 2018 melle
546 1964 664 2030 Falerno,

109 2034 250 2096 Mendose;
268 2034 394 2102 queniam
406 2034 494 2087 vacuis
507 2033 669 2086 committere
681 2032 755 2085 renis

110 2103 156 2155 Nil
168 2103 219 2155 nisi
231 2103 290 2155 lene
303 2104 391 2166 deeet3
409 2102 463 2154 leni
474 2103 617 2170 praecordie
630 2101 714 2153 mulso

110 2170 241 2224 Prolueris
254 2172 354 2224 melius.
390 2171 418 2224 si
430 2172 496 2222 dure
507 2171 653 2222 merebitur
664 2170 747 2236 alvus,

110 2239 224 2292 Mitulus
236 2246 264 2291 et
275 2241 339 2293 viles
351 2239 451 2308 pellent
463 2239 595 2291 obstantis
607 2239 711 2290 cenchre

54 2333 56 2336 ·
110 2307 147 2360 Et
159 2307 262 2389 lapathi
273 2308 357 2360 brevis
369 2308 457 2373 herbe,
471 2308 515 2360 sed
527 2307 586 2360 elbo
598 2323 651 2359 non
663 2308 719 2359 sine
731 2307 790 2360 000.

110 2375 224 2428 Lubrica
235 2384 370 2429 nascentes
382 2377 495 2444 implent
507 2376 645 2443 conchylia
656 2375 742 2438 lunoe3
855 2415 860 2424 .
872 2379 904 2428 30

112 2443 229 2497 sednon
241 2461 316 2496 omne
327 2461 399 2497 mere
411 2451 450 2497 est
462 2461 592 2512 generosae
605 2445 692 2496 fertile
704 2447 787 2498 sete

112 2511 215 2563 Murice
227 2511 326 2563 Baiano
338 2513 430 2565 melior
441 2513 555 2565 Luerine
566 2514 668 2582 peloris,
922 2549 923 2554 =

113 2577 206 2629 Ostrea
217 2577 330 2643 Circeiis,
342 2579 443 2632 Miseno
455 2581 576 2634 oriuntur
587 2581 682 2647 echini,
