1858 2874
412 130 564 184 HORA'I'II

271 267 420 322 GARMEN
438 266 542 320 V.—An
556 279 704 319 errarem

93 415 96 436 ,,
163 369 331 433 Qn1smulte
342 367 448 438 gracilis
460 372 487 420 te
499 383 565 436 puer
576 367 606 418 in
617 383 675 419 rosa

93 487 95 494 ,
163 438 288 492 Perfusus
299 438 406 505 liquidis
419 443 497 504 urget
509 435 638 500 odoribus,

235 507 322 572 Grato,
336 505 445 572 Pyrrha,
458 505 506 557 sub
518 503 611 556 antrol

306 573 355 626 Oui
367 573 464 626 flavam
476 573 571 640 religas
584 587 692 636 comam,

166 642 285 714 Simplex
297 641 453 694 munditiis?
472 642 534 693 Heu
546 641 647 709 quoties
659 639 739 694 fidem

165 712 335 779 Mutatosque
347 711 415 762 Deos
426 710 500 762 flebit
512 715 539 762 et
551 725 643 778 aspere

234 780 324 848 Nigris
336 797 441 847 aequora
453 779 538 831 ventis

303 849 467 900 Emirabitur
479 848 599 914 insolens,

167 917 220 980 Qui
231 933 303 968 nunc
316 923 342 969 te
354 917 454 969 fruitur
466 917 588 968 credulus
601 930 695 977 aurea3

167 986 219 1050 Qui
231 1003 332 1053 semper
341 1003 462 1054 uacuam,
475 1003 575 1054 semper
587 983 726 1037 amabilem

236 1053 330 1122 Sperat
342 1055 444 1106 nescius
456 1071 526 1106 aurae

307 1122 425 1174 Fallacia
461 1121 559 1188 Miseri,
571 1121 667 1189 quibus

168 1190 305 1243 Intenteta
317 1192 399 1245 nites!
419 1191 463 1241 Me
475 1191 567 1242 tabula
579 1207 651 1243 sacer

168 1259 265 1314 Votiva
277 1261 361 1328 paries
374 1259 475 1311 indicat
486 1259 568 1310 uvida

238 1329 408 1398 Suspendisse
421 1329 523 1397 potenti

307 1399 470 1452 Vestimenta
481 1397 561 1450 maris
573 1395 635 1449 Deo.

265 1564 415 1618 OARMEN
433 1565 552 1619 VL-rn
565 1579 718 1618 lenieris.

169 1673 319 1726 Scnrrnrus
333 1671 413 1725 Vario
425 1672 501 1724 fortis
513 1677 540 1725 et
551 1673 668 1725 hostium

171 1742 262 1794 Victor
274 1740 383 1794 Maeonii
394 1742 516 1793 carminis
528 1743 592 1795 alite
597 1745 611 1809 f,

170 1811 256 1874 Quam
267 1828 323 1862 rem
335 1827 438 1878 cunque
449 1811 523 1862 ferox
535 1811 646 1864 navibus
659 1814 706 1863 aut
718 1810 791 1878 equis

239 1879 316 1931 Miles
329 1883 356 1931 te
368 1879 434 1931 duce
446 1880 560 1947 gesserit.

169 1947 231 2014 Nos,
244 1950 368 2018 Agrippa,
380 1965 466 2017 neque
477 1949 534 2001 haec
547 1949 638 2014 dicere,
650 1965 699 2001 nec
711 1965 819 2016 gravem

170 2017 269 2069 Pelidae
282 2018 445 2070 stomachum
457 2018 547 2070 cedere
558 2018 645 2084 nescii,

170 2085 197 2138 N
197 2103 226 2138 ec
239 2103 329 2138 cursus
341 2087 454 2154 duplicis
465 2103 513 2154 per
523 2103 594 2138 mare
607 2086 704 2154 Ulixei,

240 2154 265 2205 N
267 2171 295 2206 ec
308 2172 403 2207 saevam
416 2155 519 2222 Pelopis
531 2155 638 2206 domum

172 2221 309 2289 (lonamur,
322 2229 413 2276 tennes
472 2223 543 2290 ndia,
556 2223 620 2276 dum
631 2223 716 2292 pudor

173 2291 341 2358 Imbellisque
352 2291 417 2360 lyra
459 2298 696 2360 usapotensvetet
860 2295 894 2343 10

172 2359 274 2412 Laudes
287 2361 385 2426 egregii
397 2361 503 2413 Ooesaris
516 2366 542 2412 et
554 2366 613 2414 tuas

243 2427 327 2494 Culpa
338 2428 454 2478 deterere
465 2429 564 2494 ingeni.

174 2494 239 2557 Quis
251 2493 365 2546 Martem
377 2496 468 2546 tunica
480 2500 580 2546 tectum
592 2495 764 2548 adamantina

174 2562 263 2630 Digne
274 2561 423 2631 scripserit?
441 2567 489 2614 aut
501 2562 608 2628 pulvere
620 2564 710 2616 Troico

468 2648 474 2676 ¹
483 2655 528 2693 sliti
