1866 2874
273 103 418 157 EPODON
438 103 543 155 OARM.
564 107 605 160 17.
789 113 839 166 123

17 219 18 236 ’
118 216 253 286 Injuriosis
265 217 355 271 aridus
367 218 453 271 ventis
464 220 540 286 ferar,

18 312 19 320 2
118 287 190 339 Gales
202 288 311 340 venenis
323 287 428 340 officina
440 288 573 341 Colchicis.

118 355 180 418 Quae
192 356 253 407 finis
266 361 314 407 ant
326 357 396 423 quod
408 373 450 407 me
462 363 551 408 manet
565 356 742 425 stipendiuml

118 423 216 477 Effare:
231 426 319 492 jussas
332 441 393 476 cum
404 425 456 476 fide
468 443 558 493 poenas
570 426 650 494 luam,

119 491 230 545 Paratus
243 493 357 560 expiare,
370 510 416 545 seu
428 495 573 561 poposceris

119 562 231 613 Centum
240 563 375 630 juvencos,
388 563 442 614 sive
454 563 574 615 mendaci
586 563 645 630 lyra

16 697 18 700 Ι
118 629 195 682 Voles
208 630 308 681 sonari:
327 637 359 681 tu
371 631 474 699 pudica,
487 637 517 684 tu
529 632 610 700 proba
807 638 841 687 40

118 697 315 752 Perambulabis
328 705 399 750 astra
411 699 483 751 sidus
495 717 611 752 aureum.

119 767 230 820 Infamis
242 767 351 818 Helenae
364 768 454 819 Castor
466 769 578 820 offensus
590 769 680 837 vicem,

118 835 263 904 Fraterque
274 837 365 903 magni
378 837 498 900 (testeris,
511 838 576 890 victi
587 855 663 906 prece

118 904 252 973 Adempta
263 905 320 957 vati
331 905 467 958 reddidere
479 907 587 959 lumina

118 973 154 1026 Et
166 979 204 1039 tu,
216 979 291 1042 potes
303 991 372 1040 nam,
385 974 455 1027 solve
466 992 509 1026 me
521 975 661 1043 dementia,

119 1042 141 1095 0
154 1059 201 1094 nee
213 1043 330 1111 paternis
342 1043 457 1095 obsoleta
469 1043 594 1111 sordibus,

16 1169 20 1186 γ
118 1111 211 1179 Neque
223 1113 253 1162 in
266 1112 409 1179 sepulchris
422 1130 567 1181 pauperum
579 1113 693 1182 prudens
705 1131 771 1167 anus

118 1180 145 1233 N
145 1180 294 1232 orendisles
306 1181 431 1249 dissipare
443 1181 570 1250 pulveres.

118 1249 177 1301 Tibi
189 1249 319 1317 hospitale
330 1257 422 1318 pectus
435 1257 462 1302 et
474 1267 546 1318 purae
558 1269 659 1316 manus,

118 1318 243 1386 lluusque
255 1325 346 1370 venter
358 1319 532 1386 Pactumeius,
545 1327 572 1372 et
585 1328 632 1373 tuo
805 1324 839 1373 50

119 1387 216 1439 Cruore
227 1387 319 1439 rubros
331 1388 458 1440 obstetrix
469 1406 571 1456 pannos
582 1389 656 1457 lavit,

16 1469 17 1474 ’
118 1455 263 1523 Utcunque
274 1457 349 1508 fortis
361 1458 450 1508 exsilis
463 1475 528 1525 puer
547 1475 597 1510 era.

146 1525 210 1579 Cara
248 1525 317 1588 Quid
330 1523 454 1576 obseratis
467 1476 574 1575 auribus
587 1525 677 1577 fundis
689 1543 776 1594 preces
788 1527 799 1580 l

17 1577 18 1652 l
119 1591 179 1645 Non
191 1609 257 1644 saxa
268 1591 347 1644 nudis
359 1592 477 1644 surdiora
489 1591 587 1644 navitis

17 1673 18 1700 ³
119 1660 262 1729 Neptunus
274 1659 328 1711 alto
340 1661 430 1712 tundit
442 1660 566 1712 hibernus
578 1661 639 1728 salo,

120 1729 225 1781 Inultus
237 1734 269 1780 ut
281 1735 312 1779 tu
323 1729 410 1780 riseris
423 1729 540 1796 Ootyttia

17 1799 18 1806 ’
121 1797 244 1864 Vulgata,
258 1814 361 1849 sacrum
372 1797 448 1850 liberi
461 1799 605 1866 Cupidinis,

121 1865 155 1918 Et
167 1865 299 1934 Esquilini
312 1867 432 1933 pontifex
444 1868 554 1919 venefici

121 1935 233 2003 Impune
244 1941 277 1986 ut
288 1934 385 1987 Urbem
397 1937 502 1988 nomine
514 1935 631 2004 impleris
643 1933 718 1987 meol

121 2004 189 2067 Quid
203 2003 325 2072 proderat
337 2004 434 2056 ditasse
446 2004 568 2072 Pelignus
581 2021 653 2071 anus,
809 2005 841 2055 60

122 2071 276 2125 Velociusre
288 2073 422 2124 miscuisse
433 2072 568 2125 toxicuml

121 2140 171 2193 Sed
185 2141 300 2192 tardiora
312 2142 368 2193 fata
380 2149 407 2193 te
419 2143 486 2194 votis
498 2147 620 2196 manent:

122 2209 232 2278 Ingrata
244 2210 337 2261 misero
350 2211 406 2263 rita
418 2211 538 2262 ducenda
550 2217 589 2264 est
602 2212 629 2262 in
641 2210 698 2278 hoe,

122 2278 202 2331 Novis
215 2285 247 2329 ut
260 2296 342 2344 usque
355 2287 478 2347 suppetas
490 2279 629 2331 laboribus.

123 2347 204 2415 Optat
218 2349 335 2414 quietem
347 2347 449 2415 Pelopis
462 2349 536 2400 infidi
549 2355 625 2416 pater

123 2416 209 2482 Egens
222 2417 343 2483 benignae
356 2417 483 2468 Tantalus
496 2435 596 2484 semper
608 2417 691 2486 dapis,

123 2485 205 2553 Optat
218 2484 389 2537 Prometheus
402 2486 533 2553 obligatus
545 2486 611 2551 aliti,

123 2554 206 2623 Optat
218 2571 338 2621 supremo
350 2554 475 2606 collocare
487 2554 613 2621 Sisyphus

123 2622 157 2675 In
168 2628 259 2676 monte
271 2639 365 2674 saxum
371 2641 380 2686 ;
397 2622 442 2674 sed
454 2628 547 2675 vetant
558 2621 629 2714 lepos
641 2622 661 2673 J
662 2621 719 2673 oris
