1866 2874
119 110 169 160 122

431 106 586 159 IlORA'lII

218 327 221 332 ·
272 305 420 360 OARMEN
437 305 761 362 XVIl.-s1>osn1n1su.

188 415 208 468 J
209 431 250 467 Au
259 415 316 482 jam
328 415 427 466 efficaci
440 415 473 466 do
484 432 579 467 manus
592 416 716 482 scientiae,

188 483 306 552 Supplex
318 490 345 535 et
358 501 401 535 oro
413 502 494 551 regna
506 502 552 552 per
565 485 732 553 Proserpina,

188 553 238 604 Per
251 559 277 604 et
289 553 382 604 Dianae
394 570 448 604 non
459 555 588 604 movenda
600 555 717 620 numina,

187 622 238 673 Per
250 628 329 689 atque
341 621 419 672 libros
432 622 579 673 carminum
592 622 737 674 valentium

188 690 281 742 Refixa
293 690 357 742 coelo
369 691 494 742 devocare
507 691 598 755 sidera,

188 760 305 824 Canidia,
318 776 395 826 parce
407 758 512 810 vocibus
524 760 632 811 tandem
644 760 722 811 sacris

187 829 327 896 Oitumque
336 834 404 878 retro
418 829 488 879 solve
500 828 570 879 solve
582 829 722 881 turbinem.

187 897 273 949 Movit
285 902 406 964 nepotem
419 896 548 964 Telephus
561 897 585 948 N
587 901 694 963 ereium,

188 965 222 1017 In
235 983 313 1033 quem
326 965 451 1032 superbus
464 966 598 1017 ordinarat
610 967 717 1032 agmine

187 1033 322 1101 Mysorum
332 1041 358 1084 et
370 1035 399 1084 in
411 1049 489 1100 quem
503 1035 556 1085 tela
568 1042 647 1086 acuta
658 1039 777 1088 torserat.
877 1038 906 1086 10

187 1103 293 1154 Unxere
305 1111 400 1154 matres
414 1104 470 1154 Iliae
483 1104 619 1154 addictum
631 1104 693 1154 feris

188 1171 304 1222 Alitibus
317 1179 396 1238 atque
408 1172 516 1222 canibus
529 1172 686 1223 homicidam
700 1173 849 1239 Hectorem,

187 1241 331 1309 Postquam
343 1241 440 1292 relictis
452 1241 582 1291 moenibus
594 1258 641 1291 rex
653 1242 767 1308 procidit

187 1309 247 1360 Heu
260 1309 402 1377 pervicacis
415 1309 447 1360 ed
462 1310 539 1376 pedes
552 1309 672 1361 Achillei.

187 1378 277 1430 Setosa
290 1379 362 1428 duris
376 1395 471 1430 exuere
485 1378 597 1444 pellibus

187 1446 319 1497 Laboriosi
333 1448 443 1512 remiges
457 1447 545 1497 Ulixei

187 1515 297 1567 Volente
308 1516 381 1566 Circa
394 1516 523 1577 membra;
543 1522 607 1566 tunc
619 1533 692 1567 meus
704 1522 732 1569 et
745 1535 824 1569 sonus

187 1583 314 1650 Relapsus
327 1591 406 1649 atque
419 1592 496 1634 notus
510 1585 537 1634 in
550 1585 639 1634 vultus
652 1586 741 1639 honor.

186 1651 254 1702 Dedi
267 1653 330 1702 satis
343 1670 470 1719 superque
484 1671 619 1719 poenarum
632 1654 688 1718 tibi,

186 1720 283 1770 Amata
295 1722 383 1771 nautis
396 1721 511 1771 multum
524 1730 550 1772 et
563 1722 734 1776 institoribus.
877 1725 908 1773 20

186 1788 267 1856 Fugit
276 1791 400 1856 juventas
414 1797 440 1840 et
453 1791 615 1840 verecundus
628 1791 698 1842 color

187 1857 305 1924 Reliquit
318 1875 374 1908 ossa
387 1859 454 1925 pelle
467 1860 564 1910 amicta
576 1859 663 1910 lurida
670 1878 677 1923 3

186 1926 249 1978 'luis
262 1927 373 1994 capillus
387 1926 461 1978 albus
474 1934 513 1978 est
526 1927 654 1992 odoribus,

185 1995 298 2047 Nullum
310 1995 343 2046 ab
356 1996 442 2046 labore
454 2014 496 2046 me
509 1997 619 2048 reclinat
632 1997 730 2061 otium3

185 2064 268 2130 Urget
282 2065 351 2115 diem
364 2082 415 2115 nox
429 2072 455 2115 et
467 2066 522 2115 dies
534 2073 644 2132 noctem,
657 2083 742 2134 neque
755 2071 795 2119 est

185 2132 283 2184 Levare
296 2140 370 2185 tenta
382 2134 477 2200 spiritu
491 2135 639 2201 praecordia.

185 2201 255 2267 Ergo
268 2211 393 2269 negatum
406 2203 496 2253 vincor
509 2211 538 2253 ut
551 2205 655 2254 credam
667 2204 754 2270 miser,

185 2269 288 2322 Sabella
301 2279 391 2338 pectus
404 2271 538 2338 increpare
550 2273 667 2323 carmine

184 2338 322 2404 Caputque
336 2339 422 2390 Marsa
434 2340 545 2390 dissilire
558 2342 643 2392 nenia.

185 2405 254 2468 Quid
267 2409 378 2474 amplius
391 2407 450 2458 visl
487 2409 508 2460 O
521 2427 599 2473 mare,
613 2426 627 2459 o
640 2417 717 2474 terra,
731 2411 817 2478 ardeo,
877 2412 914 2460 30

185 2473 321 2536 Quantum
332 2493 417 2543 neque
429 2483 486 2527 atro
499 2478 633 2530 delibutus
646 2479 774 2531 Hercules

184 2541 261 2591 Nessi
274 2559 372 2604 cruore,
384 2559 432 2593 nec
445 2543 540 2596 Sicana
552 2546 653 2599 fervida

186 2607 280 2658 Virens
292 2608 321 2658 in
333 2609 416 2659 AEltna
428 2609 545 2673 flamme3
564 2618 602 2679 tu,
615 2615 697 2668 donec
710 2616 776 2668 cinis
