1866 2874
12 211 14 362 l

11 421 14 502 l
188 441 227 503 Q
257 442 461 498 uourru
491 444 662 500 FLAOOI

11 555 13 616 l

69 623 780 712 oluiuluuu

10 783 13 900 l
263 819 390 872 meur
417 820 584 876 rumice.

9 939 13 1078 Ι
348 991 494 1006 mmm

340 1089 469 1143 SA'HRA
488 1089 509 1145 Ι.

37 1197 80 1261 Qu
90 1199 130 1264 fit,
143 1199 281 1264 Menoetius,
294 1206 326 1252 ut
337 1217 421 1267 nemo,
434 1218 514 1268 quam
527 1201 576 1254 sibi
589 1207 685 1254 sortem

35 1266 79 1320 Seu
89 1269 159 1320 ratio
172 1267 274 1320 dederit
287 1287 330 1321 seu
343 1270 395 1320 fors
408 1269 537 1337 objecerit,
550 1270 614 1322 illa·

7 1403 8 1408 ¹
35 1336 174 1388 Contentus
186 1337 266 1403 vivet,
278 1338 370 1390 laudet
382 1339 484 1391 diverse
496 1337 652 1407 requenteel

36 1405 76 1458 “0
89 1407 219 1460 fortunati
231 1412 386 1458 mercatores
396 1406 424 1458 !''
442 1407 528 1472 gravis
540 1407 632 1460 enniob

33 1471 106 1526 Miles
118 1474 158 1526 ait
170 1475 254 1526 multo
263 1476 320 1541 jem
331 1475 429 1525 fructus
441 1474 558 1525 membre
571 1475 664 1527 labore.

34 1541 126 1594 contra
137 1549 274 1607 mercator,
286 1559 380 1594 navem
388 1543 551 1610 jactantibus
562 1543 680 1596 Austris:

34 1613 153 1664 “Militia
165 1619 204 1665 est
215 1613 307 1680 potior.
344 1612 413 1674 Quid
426 1613 509 1664 enimc
520 1612 530 1664 l
548 1615 729 1668 concurritur:
747 1613 818 1668 hore

34 1679 166 1734 Momento
179 1681 247 1732 citad
259 1699 327 1732 mors
339 1682 412 1732 veuit
425 1688 472 1732 aut
484 1681 593 1733 victoria
604 1682 688 1736 laetffl

34 1751 180 1818 Agricolam
192 1751 285 1803 laudet
293 1749 360 1818 juris
372 1749 513 1818 legumque
525 1753 633 1817 peritus,

31 1817 81 1870 Sub
93 1820 161 1888 gelli
173 1827 281 1871 cantum
293 1819 424 1870 consultor
435 1819 481 1870 ubi
493 1819 560 1870 ostia
572 1818 667 1886 pulset.
787 1821 821 1869 10

31 1886 76 1940 Ille
89 1889 162 1940 datis
175 1889 285 1940 vadibus
297 1888 342 1955 qui
355 1905 415 1939 rure
427 1895 560 1939 extractus
573 1887 601 1938 in
613 1885 704 1938 urbem
718 1890 763 1952 est,

31 1956 100 2009 Soloe
112 1958 203 2008 felices
216 1958 333 2008 viventes
346 1956 443 2008 clamet
455 1957 483 2007 in
494 1956 565 2008 urbe.

30 2025 120 2078 Cetera
133 2027 167 2077 do
180 2043 274 2094 genere
286 2026 342 2088 hoc,
355 2026 421 2077 adeo
433 2031 495 2076 suut
507 2025 599 2090 multe,
611 2023 747 2090 loquacem

29 2092 167 2146 Delessare
180 2095 270 2146 velent
282 2095 400 2147 Fabium.
436 2094 461 2146 N
462 2111 476 2145 e
488 2098 515 2145 tc
526 2111 618 2158 morer,
631 2092 701 2158 audi,

30 2163 84 2226 Quo
97 2183 157 2216 rem
170 2164 305 2216 deducam.
341 2164 439 2231 Siquis
452 2165 530 2230 Deus,
543 2163 606 2214 “En
619 2161 690 2230 ego,’'
703 2161 782 2226 dicat,

28 2233 42 2259 ‘⁴
50 2233 114 2285 Jem
127 2233 228 2285 faciam
240 2233 310 2296 quod
319 2233 400 2284 vultis
411 2250 417 2284 :
436 2233 485 2284 eris
498 2239 535 2295 tu,
549 2233 595 2299 qui
606 2232 683 2282 modo
694 2230 777 2295 miles,

26 2297 177 2362 Mercator3
196 2306 234 2364 tu,
247 2299 381 2351 consultus
392 2299 476 2364 modo,
489 2299 614 2352 rusticus:
632 2299 695 2351 hinc
707 2317 759 2366 vos,

26 2365 77 2420 Vos
90 2369 158 2420 hinc
172 2369 283 2420 mutatis
296 2368 420 2420 discedite
432 2368 557 2434 pertibus.
594 2368 656 2423 Eia!

25 2434 94 2496 Quid
109 2436 191 2487 statis
202 2435 233 2487 l’'
257 2438 352 2489 nolint.
375 2437 458 2503 Atqui
470 2435 532 2485 licet
544 2451 599 2486 esse
611 2434 702 2486 beatis.

24 2504 94 2566 Quid
107 2525 201 2560 causae
213 2503 441 2573 est,me1itoquiu
454 2506 506 2558 illis
519 2506 627 2574 Jupiter
638 2506 727 2558 ambae
786 2507 820 2556 20

22 2572 112 2629 Inous
125 2576 227 2629 buccas
238 2576 313 2628 inflet
325 2592 409 2643 neque
421 2593 448 2627 sc
460 2576 514 2627 fore
527 2576 636 2643 posthac

74 2679 86 2703 ⁸
100 2677 151 2717 ulle
250 2669 260 2700 t
275 2675 338 2714 ermis
438 2673 514 2720 ‘Quid
524 2673 562 2712 ni?
654 2668 663 2696 ί
677 2673 714 2708 eut
723 2671 765 2708 clu
