1908 2886
286 97 492 154 SATIRARUM
511 100 551 155 ΙΙ.
569 106 594 154 5.
777 109 826 161 177

54 203 130 268 Quam
142 206 268 276 nequiere
280 207 352 275 proci
362 211 433 259 recto
445 207 574 276 depellere
585 226 664 262 curru
673 208 700 261 l'’

53 274 148 328 “Venit
161 277 241 338 enim,
253 293 382 344 magnum
395 276 511 330 donandi
523 296 608 346 parca,
617 281 752 347 juventus,

53 343 74 394 N
76 364 102 397 ec
112 352 220 398 tantum
233 347 349 414 Veneris,
362 354 491 429 quantum
503 349 619 402 studiosa
631 351 732 404 culinae.
801 353 835 403 80

54 412 91 466 Sic
102 415 151 467 tibi
163 414 294 484 Penelope
305 415 378 484 frugi
390 423 437 484 eet,
449 434 508 486 qnoe
520 418 542 470 si
553 420 633 471 semel
644 437 697 473 uno

53 481 87 534 De
99 501 158 536 sene
171 485 287 552 gustarit
299 490 387 538 tecum
399 488 499 554 partita
510 486 642 556 lucellum,

54 551 86 603 Ut
97 554 168 606 cenis
181 571 198 606 a
210 553 278 607 corio
290 571 427 624 nunquam
439 556 625 610 absterrebitur
636 565 724 613 uncto.

53 619 521 702 Mesenequoddicamiactumest:
538 627 732 697 anusimproba
740 627 835 683 'l'hebis

53 688 88 741 Ex
100 705 258 744 testamento
271 693 307 745 sic
319 702 358 745 eet
370 694 453 747 elota:
472 695 582 748 cadaver

53 758 162 813 linctum
175 761 231 813 oleo
243 761 316 830 largo
328 763 407 815 nudis
418 763 534 816 humeris
546 765 610 819 tulit
621 765 695 820 beree
702 786 710 832 ;

53 827 151 882 Scilicet
163 830 232 882 elabi
244 831 266 882 si
277 838 364 899 posset
375 840 480 885 mortua
486 852 494 898 ;
512 835 595 902 oredo,

53 897 122 956 Quod
133 900 247 952 nimium
258 900 392 954 institerat
403 903 510 956 viventi
546 904 645 957 (tantm
657 905 737 973 adito,

52 964 102 1019 lieu
114 969 184 1021 deris
197 985 288 1038 operte,
300 987 367 1024 neve
378 970 563 1026 immoderatus
574 973 696 1027 abundes.

52 1034 185 1090 Difficilem
197 1045 224 1090 et
235 1055 367 1091 morosum
378 1039 492 1093 offendet
502 1043 637 1110 gustulum
654 1045 739 1098 ultro·
796 1047 831 1098 90

51 1103 104 1158 lion
115 1107 199 1159 etiam
210 1107 294 1161 sileas.
328 1108 466 1162 Darussis
479 1111 591 1164 comicus
603 1119 683 1182 atque

52 1172 102 1228 Stes
113 1178 202 1257 capite
213 1175 322 1246 obstipo,
333 1178 449 1230 multum
461 1179 552 1232 similis
564 1183 699 1237 metuenti.

52 1242 175 1314 Obsequio
187 1263 318 1314 grauem
335 1263 418 1315 mone,
430 1249 453 1300 si
464 1249 608 1302 increbruit
619 1268 692 1318 aura,

52 1312 143 1368 Cautus
155 1315 198 1367 uti
209 1315 279 1368 velet
291 1332 381 1368 oerum
392 1323 487 1386 caput3
504 1319 613 1371 extrahe
624 1321 703 1374 turba

52 1381 178 1454 Oppositus
189 1383 317 1446 humeris;
334 1402 425 1438 aurem
437 1386 584 1456 substringe
596 1388 703 1457 loquaci.

51 1449 217 1522 Importunus
229 1458 302 1504 amat
313 1451 417 1504 laudari
428 1470 435 1514 ;
454 1452 543 1519 donec,
556 1454 628 1508 ‘Ohe
635 1456 693 1523 jam
703 1455 720 1510 l’

51 1519 87 1570 Ad
98 1520 197 1573 coelum
207 1517 328 1572 manibus
341 1518 449 1572 sublatis
461 1519 566 1586 dixerit,
578 1537 642 1587 urge
654 1528 681 1574 et

21 1615 22 1650 3
52 1587 208 1642 decentem
219 1587 327 1644 tumidis
338 1587 402 1640 infla
414 1587 574 1640 sermonibus
585 1595 679 1644 utrem.

51 1657 132 1720 Quum
143 1663 173 1710 te
184 1657 289 1710 servitio
300 1656 378 1724 longo
389 1673 502 1724 curaque
512 1657 614 1738 levarit,

51 1720 79 1776 lit
90 1729 195 1777 eertum
206 1725 327 1793 vigilans,
339 1727 345 1752 ‘
356 1725 464 1786 Quartae
476 1732 531 1780 esto
542 1737 625 1794 partis
637 1725 744 1793 Ulixes,'
780 1727 830 1778 100

51 1793 175 1859 Audieris,
187 1794 278 1846 ‘heres
288 1793 302 1846 :'
320 1794 406 1862 ‘Ergo
418 1813 490 1848 nunc
501 1795 586 1848 Dama
598 1795 692 1848 sodalis

50 1857 69 1910 N
70 1880 183 1932 usquam
191 1862 247 1916 esti
260 1862 336 1916 Unde
345 1864 411 1916 mibi
420 1873 477 1916 tam
483 1864 578 1916 fortem
587 1869 693 1931 eamque
702 1861 804 1914 fidelem
809 1861 831 1910 i'

49 1928 142 2000 Sparge
154 1931 267 1984 subinde
277 1950 284 1994 ;
301 1938 336 1997 et,
346 1933 368 1985 si
379 1933 500 2000 paullum
511 1941 592 2000 potes,
601 1931 774 1994 illacrimare3
786 1938 827 1984 est

51 2003 147 2056 Gaudia
158 2007 313 2072 prodentem
324 2003 429 2056 vultum
440 2005 530 2058 celare.
565 2005 718 2075 Sepulcrum

50 2067 205 2124 Permissum
216 2071 323 2126 arbitrio
335 2073 391 2126 sine
403 2074 519 2127 sordibus
531 2080 650 2139 exstru03
667 2075 748 2128 mnus

50 2136 155 2210 Egregie
168 2140 270 2194 fectum
281 2140 373 2194 laudet
385 2142 488 2196 vicinia.
524 2144 551 2196 si
564 2144 622 2211 quis

51 2206 121 2263 Forte
134 2209 292 2264 coheredum
303 2211 388 2264 senior
399 2212 468 2265 mole
479 2212 579 2278 tussiet,
591 2211 653 2265 huic
664 2218 696 2267 tu

49 2275 99 2346 Dic,
112 2297 148 2332 ex
160 2285 236 2348 parto
247 2285 295 2334 tua
306 2295 352 2333 seu
363 2280 441 2334 fundi
453 2281 507 2334 sive
518 2281 610 2334 domus
622 2282 656 2335 sit

50 2343 162 2418 Emptos,
174 2348 334 2416 gaudentem
344 2366 452 2403 nummo
464 2356 491 2402 te
502 2351 628 2404 addicere
663 2351 713 2406 Sed
725 2371 768 2408 me

50 2413 189 2488 Imperiosa
200 2417 284 2472 trabit
295 2418 463 2488 Pmeorpina;
480 2419 539 2473 vive
551 2419 685 2490 valeque.”
777 2427 827 2477 110

397 2509 410 2534 ⁶
421 2506 478 2548 ule·

79 2715 145 2755 ROB.
433 2717 452 2755 ll
