1908 2886
9 143 10 208 p
303 141 371 195 sss
389 141 547 194 nonnos.
766 141 818 192 sss

9 277 11 326 q
41 243 101 295 Rem
113 243 163 296 tibi
174 241 314 296 Socraticae
325 247 449 310 poterunt
460 241 595 294 ostendere
607 241 714 308 chertae,
770 241 822 292 310

9 329 11 338 ’
40 313 173 379 Verbaque
185 311 315 380 provisam
326 328 382 363 rem
393 328 446 362 non
458 310 566 363 inritas
599 317 702 363 nentur.

9 429 10 434 ,
40 382 88 445 Qui
100 381 202 446 didicit,
215 381 307 449 patriae
320 379 382 448 quid
396 380 489 432 debeat
500 384 527 431 et
539 380 585 448 qui
615 380 712 445 amicis,

9 439 11 558 ἱ
39 451 93 514 Quo
105 450 140 502 sit
152 467 240 502 amore
252 466 352 517 parens,
364 466 415 516 quo
427 449 509 501 frater
520 449 647 501 amandus
659 454 687 502 et
700 449 798 517 hospes,

9 560 11 599 q
39 519 111 582 Quod
125 520 159 571 sit
171 519 318 588 conscripti,
331 517 400 586 quod
408 517 507 586 judicis
520 517 641 584 officium,
654 534 713 586 quea

9 601 10 628 1
38 587 128 640 Partes
139 589 169 640 in
180 587 278 640 bellum
289 587 361 638 missi
373 587 454 654 ducis,
466 587 512 639 ille
523 588 637 656 profecto

38 657 155 710 Reddere
166 673 281 726 personee
294 657 344 709 scit
355 656 537 709 convenientia
549 656 591 708 cui
611 673 649 710 uc

39 726 175 795 Respicere
187 726 319 794 exemplar
331 727 393 778 vitae
404 742 557 794 morumque
565 727 597 794 ju
629 725 663 778 bc

37 796 151 848 Doctum
163 795 321 848 imitatorem
333 800 360 846 et
372 794 444 846 vives
457 794 519 846 hinc
531 795 625 847 ducere
636 811 717 848 voces.

38 863 176 917 Interdum
188 864 301 931 speciosa
313 863 375 916 locis
386 869 538 932 morataque
549 870 619 916 recte

9 959 10 974 π
39 932 139 986 Fabula
150 933 248 985 nullius
261 933 376 1000 Veneris,
388 933 444 985 sine
455 933 567 1000 pondere
579 939 606 985 et
617 937 681 998 arte,
771 935 823 986 320

9 997 11 1066 ξ
39 1002 149 1054 Valdius
161 1000 274 1054 oblectet
285 1002 411 1071 populum
422 1001 565 1070 meliusque
577 1009 694 1054 moratur

40 1072 124 1135 Quam
136 1087 224 1123 versus
236 1071 324 1139 inopes
335 1089 423 1122 rerum
434 1087 562 1139 nugoeque
574 1089 680 1125 canorae.

40 1140 122 1193 Graiis
135 1139 279 1208 ingenium,
292 1140 375 1193 Graiis
388 1140 461 1193 dedit
472 1157 515 1192 ore
527 1141 638 1193 rotundo

40 1208 116 1262 Musa
128 1208 215 1277 loqui;
232 1215 326 1278 prester
337 1209 442 1261 laudem
453 1209 552 1262 nullius
564 1211 655 1262 avaris.

40 1277 152 1331 Romani
163 1278 237 1359 pueri
248 1278 332 1345 longis
344 1279 488 1331 rationibus
499 1296 582 1331 assem
641 1289 642 1294 ’

40 1346 154 1400 Discunt
165 1364 193 1398 ln
204 1355 290 1415 portes
302 1355 408 1398 centum
420 1348 549 1400 diducere.
585 1348 664 1400 Dicat

39 1414 121 1466 Filius
134 1412 232 1479 Albini,
244 1413 294 1464 “Si
307 1412 339 1465 de
351 1415 498 1482 quincunce
509 1421 608 1466 remota
620 1420 659 1466 est

39 1483 132 1549 Uncia,
141 1481 204 1549 quid
214 1485 331 1549 superatl
339 1481 362 1534 i'
375 1483 479 1535 Poteras
489 1483 592 1549 dixisse,
600 1481 732 1536 “hiens'’
746 1482 821 1540 “Eut

40 1551 105 1604 Rem
117 1551 215 1618 poteris
227 1568 328 1604 servare
340 1560 421 1606 tuam.
457 1553 535 1605 Redit
547 1552 632 1618 uncia,
646 1553 710 1621 quid
718 1551 750 1604 fit
760 1551 786 1605 t''

9 1627 10 1634 ’
39 1621 52 1646 “
61 1617 172 1673 Semis.”
206 1620 243 1672 At
256 1618 312 1672 heec
325 1621 425 1672 animos
436 1637 524 1688 aerugo
536 1627 564 1674 et
575 1639 637 1674 cura
649 1621 736 1688 peculi
770 1623 821 1674 330

39 1688 129 1752 Quum
142 1687 221 1740 semel
233 1687 362 1754 imbuerit,
375 1705 508 1757 speramns
519 1689 635 1741 cermina
647 1688 713 1756 fingi

39 1755 119 1810 Posse
130 1756 239 1810 linenda
250 1756 326 1809 cedro
338 1763 365 1810 et
377 1757 429 1810 levi
442 1756 568 1810 servande
580 1756 716 1826 cupresso?

38 1829 93 1882 Aut
106 1825 227 1896 prodesse
239 1826 331 1878 volunt
342 1832 390 1878 eut
401 1826 530 1879 delectere
542 1827 635 1894 poete,

38 1895 93 1949 Aut
107 1894 188 1947 simul
200 1901 227 1948 et
235 1894 355 1962 jucunda
367 1901 394 1947 et
406 1895 498 1948 idonea
510 1895 594 1948 dicere
606 1896 674 1948 vitae.

39 1963 175 2032 Quidquid
188 1964 330 2032 praecipies,
343 1970 397 2017 esto
409 1964 501 2032 brevis,
514 1971 544 2016 ut
556 1965 609 2016 cito
621 1964 693 2016 dicta

38 2032 195 2101 Percipient
207 2033 288 2084 enimi
301 2033 396 2090 dociles
408 2040 566 2102 teneantque
577 2033 681 2096 fideles;

38 2102 125 2154 Omne
137 2118 328 2171 supervacuum
339 2103 416 2172 pleno
428 2102 461 2154 de
473 2108 575 2172 pectore
586 2107 684 2155 menet.

37 2171 117 2224 Ficta
129 2170 275 2239 voluptatis
287 2189 364 2224 cause
376 2173 429 2225 sint
441 2171 560 2240 proxima
570 2171 646 2238 veris,

37 2241 64 2291 N
65 2258 95 2292 ec
107 2240 286 2309 quodcunque
297 2241 374 2307 volet,
386 2245 476 2309 poscat
488 2239 537 2293 sibi
548 2239 638 2292 fabule
650 2239 728 2307 credi,

38 2309 98 2362 Neu
111 2327 214 2378 pransae
228 2311 324 2362 Lamiae
336 2311 425 2362 vivum
438 2327 549 2378 puerum
560 2309 682 2362 extrahat
694 2308 760 2362 alvo.
777 2309 828 2360 340

38 2378 174 2430 Centuriae
186 2380 316 2432 seniorum
328 2380 432 2446 agitant
444 2379 563 2446 expertia
575 2379 665 2445 frugis,

38 2447 110 2498 Celsi
122 2454 283 2516 prsetereunt
295 2457 398 2501 austera
410 2449 532 2516 po'e'meta
545 2447 690 2501 Rhamnes:

39 2516 128 2568 Omne
140 2517 205 2568 tulit
217 2523 351 2585 punctum,
365 2517 410 2586 qni
421 2517 527 2569 miscuit
540 2515 604 2569 utile
617 2517 689 2570 dulci

37 2585 180 2639 Lectorem
192 2585 344 2639 delectando
356 2587 504 2656 pariterque
516 2587 644 2640 monendo
651 2605 659 2652 3

383 2687 389 2714 ¹
398 2693 493 2740 superest
