1908 2886
95 83 146 134 198
411 83 562 138 HORA'I'II

91 183 138 238 Nil
150 189 189 237 est
197 183 354 253 jumndum,
367 183 440 236 vires
453 183 484 235 in
495 199 582 236 amore
590 182 714 250 jocisque.

93 253 167 319 Vive,
180 253 245 307 vele.
280 253 308 306 si
320 252 384 321 quid
396 253 495 306 novisti
506 253 603 304 rectius
615 251 680 318 istis,

93 322 227 377 (lendidus
238 322 359 392 imperti;
376 321 399 374 si
412 339 473 390 non,
485 321 527 374 his
538 327 613 374 utere
624 337 734 373 mecum.

224 491 397 546 EPISTOLA
414 489 550 543 Vll-sn
563 499 750 538 nnonrsrnrr.

94 599 225 668 Qumoun
238 599 293 652 dies
305 599 355 652 tihi
366 598 500 669 pollicitus
511 616 554 652 me
565 615 626 652 rure
637 598 767 665 futurum,

92 669 219 724 Sextilem
231 673 319 722 totum
330 669 444 722 mendax
456 667 594 721 desideror.
628 667 713 738 Atqui

92 740 121 793 si
132 755 174 792 me
187 738 275 792 vivere
286 739 327 792 vis
339 755 432 790 senum
443 744 566 805 recteque
577 737 716 806 valentem,

93 808 178 873 Quem
188 808 256 862 mihi
268 808 314 861 dos
327 824 403 875 segro,
416 806 489 859 dehis
502 812 627 874 aegrotere
639 805 752 872 timenti,

92 877 229 946 Musconis,
242 877 353 942 venitm,
365 877 429 928 dnm
441 875 505 928 ficus
517 876 602 946 prims
613 876 734 944 colorque

92 947 290 1015 Designstorem
301 947 407 999 decorat
418 945 554 998 lictoribus
565 945 636 1012 stris,

92 1016 164 1070 Dum
174 1016 263 1085 pueris
275 1015 358 1068 omnis
370 1021 445 1084 peter
457 1020 484 1067 et
495 1015 639 1068 matercula
650 1013 741 1082 pellet,

93 1085 264 1154 Officiosoqus
276 1084 401 1138 sedulitas
412 1089 439 1137 et
451 1083 538 1152 opella
548 1084 657 1136 forensis

93 1153 212 1207 Adducit
222 1152 307 1206 febres
319 1160 346 1206 et
358 1159 517 1207 teste-mente
528 1153 651 1222 resignat.

95 1223 173 1286 Quod
185 1224 208 1276 si
219 1222 312 1276 brume
323 1223 397 1276 nives
409 1221 519 1276 Albanis
531 1222 618 1276 illinet
629 1221 706 1290 egris,
850 1225 884 1275 1o

94 1294 137 1346 Ad
149 1310 222 1346 mere
234 1291 373 1346 descendet
384 1299 457 1347 retes
469 1297 532 1344 tuus
544 1297 571 1344 et
583 1291 633 1344 sibi
644 1295 734 1360 parcet
936 1303 937 1350 t

94 1363 301 1431 contractusque
311 1362 395 1430 leget3
412 1367 447 1428 te,
459 1360 544 1414 dulcis
556 1360 646 1427 emice,
658 1360 755 1414 reviset
936 1351 937 1415 i

93 1432 159 1484 (lum
171 1430 305 1500 Zephyris,
317 1431 339 1484 si
351 1431 483 1498 concedes,
496 1434 523 1483 et
534 1429 676 1484 hirundine
687 1429 780 1498 prims.

92 1500 153 1553 Non
164 1516 216 1566 qno
227 1517 298 1552 more
310 1499 374 1567 piris
386 1499 456 1552 vesci
468 1499 576 1554 Onltber
582 1499 661 1569 jubet
672 1499 773 1566 hospes,

96 1565 139 1618 Tu
150 1584 193 1619 me
203 1565 291 1620 iecisti
302 1565 468 1635 locupletem.
504 1567 519 1594 “
528 1566 637 1620 Vescere
649 1564 746 1617 sodes.’'
935 1607 936 1622 ,

96 1636 111 1662 “
116 1636 135 1688 J
135 1652 179 1688 em
188 1635 251 1688 sutis
260 1634 320 1689 est.'’
339 1636 391 1687 “At
397 1641 429 1688 tu
436 1640 566 1703 quantum
573 1635 612 1687 vis
619 1633 701 1686 tolle!
719 1634 734 1660 “
740 1631 881 1700 Benigne!

95 1705 111 1732 “
118 1704 179 1756 Non
190 1704 276 1758 invise
286 1704 353 1757 feres
365 1705 452 1772 pueris
464 1703 620 1756 munusculo
630 1701 741 1772 parvisff'

96 1773 111 1803 ‘¹
120 1771 188 1826 Tem
199 1777 289 1825 teneor
300 1773 376 1836 dono,
388 1790 468 1842 quem
479 1773 501 1825 si
513 1773 632 1826 dimittor
643 1769 776 1824 onustus.’'

95 1841 157 1894 “Ut
167 1839 233 1895 libet
244 1859 253 1907 ;
269 1841 325 1894 haec
337 1841 421 1912 porcis
432 1842 509 1894 hodio
518 1840 676 1894 comedendo
687 1839 845 1908 relinquee.'’
934 1835 935 1854 ¹

93 1907 222 1978 Prodigus
233 1908 261 1960 et
273 1905 369 1957 stultus
381 1905 469 1974 donet,
482 1923 540 1974 ques
552 1907 651 1976 spernit
662 1913 689 1960 et
701 1908 773 1972 odit;
847 1913 882 1964 20

92 1971 158 2026 Hoec
170 1991 241 2042 seges
253 1973 370 2041 ingratos
382 1973 446 2027 tulit
458 1981 485 2027 et
497 1974 563 2028 feret
575 1974 694 2030 omnibus
706 1978 790 2032 annis.

92 2041 141 2094 Vir
152 2042 235 2095 bonus
247 2049 274 2096 et
286 2043 389 2111 sepiens
401 2042 488 2164 dipnis
500 2045 539 2097 nit
551 2052 605 2098 es'se
616 2052 732 2116 paratus,

91 2110 118 2163 N
118 2128 147 2164 ec
158 2117 249 2165 temen
260 2112 371 2180 ignoret,
384 2112 429 2180 qui
459 2112 559 2166 distent
571 2131 623 2167 sere
634 2114 747 2184 lupinis:

91 2178 208 2248 Dignum
219 2181 348 2252 prestabo
360 2197 402 2234 me
413 2183 494 2234 etiem
505 2200 552 2251 pro
564 2183 643 2237 leude
653 2185 786 2240 merentis.

92 2247 169 2310 Quod
181 2249 203 2300 si
214 2266 257 2304 me
268 2250 340 2304 noles
352 2268 463 2319 usquam
473 2250 612 2322 discedere,
625 2253 717 2307 reddes

91 2315 170 2369 Forte
181 2316 258 2386 letus,
271 2320 358 2388 nigros
370 2327 483 2390 anguste
494 2321 581 2375 fronte
593 2323 708 2391 capillos,

91 2385 194 2439 Reddes
206 2385 283 2439 dulce
294 2387 374 2456 loqui,
386 2390 478 2442 reddes
489 2390 573 2445 ridere
585 2391 708 2446 decorum
719 2397 748 2447 et

91 2454 166 2508 Inter
177 2455 240 2508 vine
250 2455 342 2522 fugem
355 2457 455 2510 Oinerae
467 2477 575 2512 moerere
586 2467 721 2530 proterve.

91 2522 170 2574 Forte
181 2539 228 2589 per
240 2529 380 2588 sumntum
392 2526 479 2578 tennis
491 2528 631 2597 vulpecula
638 2531 732 2584 rimam

92 2589 218 2656 Repsernt
228 2589 257 2642 in
269 2605 400 2644 cumeram
411 2594 544 2664 frumenti,
557 2604 684 2668 pesteque
695 2617 786 2655 rursus
844 2606 879 2656 30
