1858 2874
259 125 458 181 CARMINUM
477 123 500 175 Ι.
518 127 613 177 7-10.

154 231 280 353 Depromo
288 231 460 312 'quadrimum
471 230 576 311 Sabina,

218 301 381 364 Thabarche,
393 317 494 351 merum
506 299 586 350 diota

21 403 22 408 =
119 366 241 422 Permitte
252 369 327 421 Divis
339 374 433 434 cetera,
446 369 491 435 qui
504 367 583 418 simul

118 435 232 490 Stravere
244 444 336 490 ventos
347 455 450 505 aequore
462 435 563 488 fervido

149 506 346 574 Deproeliantcs,
358 523 406 558 nec
418 505 534 573 cupressi

181 576 207 628 N
207 593 236 628 ec
248 582 349 628 veteres
361 575 499 642 agitantur
510 573 575 628 orni.

117 639 183 705 Quid
195 645 229 697 sit
241 644 365 698 futurum
376 660 440 709 cras,
452 644 516 710 fuge
528 659 651 710 querere,
664 647 692 695 et

119 716 199 779 Quem
210 716 275 768 Fors
283 719 296 743 ¹
309 714 410 766 dierum
422 730 528 781 cunque
540 711 621 778 dabit,
633 712 706 764 lucro

145 783 186 850 Ap
220 799 261 849 ne,
274 799 323 834 nec
334 781 424 834 dulces
436 797 536 832 amores

112 800 620 973 ederentur

112 984 218 1042 Morosa
253 989 333 1041 Nunc
345 993 372 1040 et
384 1004 492 1056 campus
504 991 532 1039 et
544 1004 611 1042 areoe

143 1057 276 1126 lenesque
288 1057 337 1110 sub
348 1062 454 1109 noctem
466 1057 565 1108 susurri

176 1127 325 1196 Composita
335 1131 491 1194 repetantur
502 1125 573 1192 hora,

110 1191 184 1247 Nune
195 1201 223 1248 et
235 1195 342 1248 latentis
354 1195 471 1262 proditor
482 1194 577 1248 intimo

110 1261 203 1318 Gratus
214 1265 311 1332 puelloe
323 1265 390 1316 risus
403 1262 437 1315 ab
448 1263 547 1330 angulo

140 1330 207 1401 Pign
257 1350 291 1386 ue
303 1333 452 1401 dereptum¹
463 1332 569 1384 lacertis

109 1419 113 1425 ·
173 1351 327 1470 Aulisdigito
338 1401 408 1454 mnis
419 1401 557 1470 pertinaci.

194 1549 344 1608 GARMEN
361 1550 467 1606 K-so
480 1565 659 1606 unronrrnu.

136 1652 277 1723 Mancnnr,
290 1654 404 1707 facunde
415 1669 496 1721 nepos
509 1651 634 1717 Atlantis,

135 1723 187 1787 Qui
197 1726 265 1777 feros
278 1724 366 1776 cultus
378 1722 516 1774 hominum
527 1726 663 1773 recentum

135 1792 205 1846 Voce
216 1793 335 1846 formasti
348 1799 423 1845 catus
435 1797 462 1844 et
474 1791 572 1844 decorae

203 1861 277 1916 More
289 1861 428 1931 pelaestrse,

132 1929 169 1982 'l'e
180 1947 281 1996 canam,
293 1930 384 1997 magni
396 1929 416 1982 J
417 1928 472 1981 ovis
485 1933 512 1982 et
523 1927 641 1980 Deorum

132 1997 264 2052 Nuntium
278 2011 416 2064 curvaeque
428 1995 492 2062 lyrae
504 2003 648 2074 putentem,

131 2067 272 2132 Callidum,
284 2063 414 2133 quidquid
426 2063 534 2131 planus,
543 2063 632 2129 jocoso

201 2135 316 2188 Condere
328 2134 407 2186 furto.

129 2204 175 2270 Te,
186 2202 266 2256 boves
278 2203 342 2256 olim
353 2201 405 2254 nisi
417 2198 574 2252 reddidisses

126 2272 180 2327 Per
192 2272 282 2325 dolum
293 2276 402 2337 amotas,
413 2283 525 2337 puerum
536 2264 634 2318 minaci

127 2342 200 2396 Voce
212 2341 278 2393 dum
289 2343 378 2406 terret,
390 2337 487 2392 viduus
498 2335 622 2406 pharetra

199 2410 268 2462 Risit
280 2409 382 2491 Apollo.

124 2478 200 2545 Quin
212 2484 239 2531 ct
252 2478 359 2530 Atridas
371 2475 438 2527 duce
449 2479 477 2526 te
490 2473 612 2540 superbos

124 2548 179 2604 Ilio
191 2547 265 2600 dives
277 2547 399 2599 Priamus
410 2543 501 2596 relicto

131 2664 142 2692 1
159 2668 204 2697 sors
582 2631 703 2683 ¹⁶³¹⁹P²¹¹¹²¹
