1908 2886
134 87 185 140 182
445 91 597 142 nouum

131 207 148 232 ‘¹
157 203 217 256 Non
229 204 299 256 dices
313 203 398 269 bodie,
410 220 534 271 quorsum
546 203 601 254 haec
614 209 669 255 tam
681 202 775 271 putida
786 203 918 267 tendant,

133 271 287 326 Furciferi”
307 275 321 300 “
330 273 373 326 Ad
385 280 419 339 te,
431 273 565 340 inquam.''
588 273 669 336 “Quo
680 279 765 340 pacto,
777 275 899 340 pessime
911 273 938 326 2²²

132 340 278 395 Fortunam
290 349 318 394 et
329 359 412 395 mores
425 343 543 410 autiquae
556 341 646 410 plebis,
658 349 685 394 et
697 341 774 408 idem,
786 340 937 410 [“Laudus

132 411 161 466 si
174 413 232 480 quis
244 413 278 465 ad
290 413 337 465 illa
349 413 420 464 Deus
433 411 519 463 subito
531 416 558 463 to
570 414 639 477 agat,
652 426 734 477 usque
744 426 862 478 recusos,

132 482 190 536 Aut
201 482 264 550 quia
275 498 328 533 non
341 482 428 547 sentis,
442 480 512 548 quod
524 480 628 545 clamas,
640 479 738 530 rectius
749 495 812 545 csse,

132 550 190 603 Aut
201 552 264 632 quia
274 568 328 603 non
339 551 431 602 firmus
442 557 543 602 rectum
555 548 672 602 defendis
685 553 712 600 et
723 547 814 616 haeres,

132 618 315 690 Nequicquam
327 637 400 673 ooeno
411 619 518 688 cupiens
530 617 640 670 evellere
652 616 777 685 plantam

133 687 222 741 Romae
234 707 280 742 rus
292 695 373 759 optas,
386 689 521 741 absentem
531 687 645 740 rusticus
656 685 748 738 urbem

132 757 213 812 uoltis
224 759 259 811 ad
270 765 341 812 astra
353 759 424 812 levis.
460 757 488 810 Si
500 773 549 809 nus
567 773 629 808 uam
640 773 667 807 es
678 754 746 807 forte
757 761 871 810 vocatus

133 826 176 881 Ad
188 845 296 895 ooenam,
308 829 400 880 laudas
413 843 532 879 securum
544 773 601 878 <iius
613 842 650 891 ac,
663 824 736 876 velut
747 841 865 892 usquam
895 831 931 879 30

133 895 247 950 Vinctus
259 915 310 965 eas,
322 898 361 949 ita
373 903 399 950 te
411 894 514 962 felicem
526 895 591 947 dicis
603 909 734 961 amesque,

135 965 210 1029 Quod
222 983 351 1034 nusquam
364 966 413 1018 tibi
425 965 459 1017 sit
471 964 623 1034 potandum
658 963 678 1015 J
678 963 773 1016 usserit
783 962 818 1014 ad
831 981 861 1017 se

133 1033 264 1087 Moeconas
276 1052 362 1087 serum
374 1034 423 1086 sub
435 1034 536 1086 lumina
547 1033 632 1148 qrima
643 1032 732 1084 venire

133 1103 295 1156 Convivam:
314 1099 439 1151 ‘Nemon’
452 1099 539 1150 oleum
562 1104 618 1150 eret
629 1096 719 1150 ociusi
738 1098 836 1166 Ecquis

133 1172 219 1226 Audit
229 1170 247 1225 i’
265 1187 327 1223 cum
338 1185 435 1235 magno
448 1167 559 1218 blateras
571 1167 682 1220 clamore
693 1166 823 1234 iugisque.

134 1237 253 1291 Mulvius
265 1243 292 1291 et
304 1255 397 1290 scurrae
410 1239 460 1291 tibi
471 1257 524 1291 non
535 1239 671 1291 referenda
682 1239 784 1307 precati

134 1305 287 1361 Discedunt.
323 1307 429 1361 Etenim
440 1308 525 1361 fateor
535 1325 584 1375 me,
596 1308 694 1361 dixerit
706 1307 758 1376 ille,

134 1374 205 1428 Duci
215 1384 306 1430 ventre
317 1377 408 1443 levem,
421 1395 513 1430 nasum
525 1377 615 1429 nidore
627 1378 743 1446 supinos,

135 1444 292 1513 Imbecillus,
304 1447 381 1514 iners,
393 1447 415 1499 si
427 1447 490 1514 quid
502 1447 548 1512 vis,
561 1447 636 1513 adde,
648 1448 750 1516 popina.
952 1479 953 1528 q

134 1513 182 1581 Tu,
195 1532 278 1583 quum
290 1517 324 1567 sis
336 1516 404 1584 quod
417 1533 465 1583 ego
477 1522 504 1568 et
516 1515 632 1569 fortassis
643 1517 759 1584 nequior,
771 1517 843 1570 ultro
888 1523 928 1572 40

134 1582 265 1636 Insectcro
277 1585 350 1638 velut
361 1584 452 1637 melior
464 1585 599 1654 verbisque
611 1585 709 1637 decoris

134 1651 263 1706 Obvolvas
275 1654 387 1706 vitiumi
405 1655 482 1722 Quid,
495 1654 517 1707 si
527 1672 570 1706 me
581 1654 686 1707 stultior
698 1656 754 1723 ipso

134 1721 291 1790 Quingentis
303 1728 390 1791 empto
402 1724 532 1776 drachmis
544 1724 728 1792 deprenderisi
762 1723 847 1778 Aufer

133 1789 178 1844 Me
190 1791 267 1844 vultu
279 1798 376 1844 terrere
383 1812 390 1856 ;
408 1810 516 1845 manum
528 1793 741 1862 stomachumque
752 1799 850 1862 teneto,
949 1801 950 1846 i

132 1859 211 1928 Dum,
224 1878 282 1930 quae
295 1861 407 1931 Crispini
419 1863 508 1915 docuit
519 1880 561 1914 me
569 1863 676 1931 janitor,
688 1863 743 1916 edo,
948 1899 949 1952 q

132 1930 169 1983 Te
181 1932 277 2000 conjux
289 1930 375 1983 aliena
387 1931 466 2000 capit,
477 1932 644 1985 meretricula
655 1931 772 1985 Davum:

132 1998 228 2053 Peccat
240 2007 298 2053 uter
309 2007 427 2052 nostrum
440 2018 516 2054 cruce
528 2001 650 2068 dignius?
668 2002 743 2054 Acris
755 2001 802 2055 ubi
813 2019 856 2056 me
947 2013 948 2058 i

131 2068 235 2122 Natura
246 2069 368 2136 intendit,
381 2069 429 2121 sub
440 2071 510 2123 clara
521 2071 594 2123 nuda
605 2071 713 2125 lucerna

133 2137 301 2208 Quocunque
312 2139 416 2206 excepit
427 2140 557 2206 turgentis
569 2139 676 2192 verbera
687 2140 786 2205 cauda,

132 2207 259 2260 Olunibus
270 2213 318 2261 aut
329 2208 442 2276 agitavit
453 2226 550 2277 equum
562 2209 659 2262 lasciva
671 2209 803 2278 supinum,
887 2216 925 2266 50
945 2211 946 2272 i

131 2273 251 2354 Dimittit
262 2293 347 2343 nequo
358 2277 487 2329 famosum
499 2295 583 2346 nequo
596 2278 744 2345 sollicitum,
757 2297 790 2332 ne
944 2297 945 2378 q

131 2341 218 2392 Ditior
229 2347 278 2393 aut
288 2345 378 2395 iormae
390 2346 504 2397 melioris
516 2348 596 2398 meiat
608 2348 705 2400 ecdem.

131 2407 179 2469 Tu,
192 2423 273 2472 quum
284 2411 406 2475 projectis
417 2413 571 2481 insignibus,
584 2416 682 2468 annulo
695 2417 817 2485 equestri,

132 2471 302 2550 Romqnoquo
313 2474 414 2543 babitu,
426 2481 513 2545 prodis
525 2500 559 2534 ex
567 2484 658 2550 judico
669 2484 756 2538 Dama

131 2536 233 2604 Tufplb
245 2539 381 2618 0d⁰r⁸=tum
393 2554 474 2612 ceput
485 2550 639 2604 obscurante
651 2554 763 2620 lacerna,

131 2601 192 2654 Non
203 2620 238 2670 os,
250 2605 318 2671 quod
330 2611 453 2664 simulas?
471 2615 594 2670 Metuens
605 2621 737 2674 induceris
749 2631 830 2692 utque
