1866 2874
108 67 159 118 100
357 29 364 36 ’
427 51 579 104 noasnn

104 169 247 222 Praesentes
260 167 357 232 Austri,
366 168 469 235 coquite
476 167 570 220 horum
579 161 691 221 obsonia.
725 165 885 236 Quamquam

104 237 185 290 Putet
197 256 260 306 aper
270 237 443 304 rhombusque
455 253 551 299 recens,
563 237 633 288 mala
646 239 720 305 copia
732 239 836 304 quando

103 305 215 374 AEgrum
228 307 351 358 sollicitat
364 305 534 372 stomachum,
547 323 628 373 quum
640 307 733 374 rapula
744 307 837 374 plenus

104 377 192 443 Atque
203 375 291 426 acidas
303 374 405 426 mavult
417 374 510 426 inulas.
546 374 665 425 Necdum
677 375 759 425 omnis
771 375 862 426 abacta

104 441 245 510 Pauperies
258 443 341 510 epulis
353 459 460 510 regum5
477 459 540 494 nam
551 443 648 493 vilibus
660 444 715 493 ovis

103 509 245 632 ffiffsquo
257 517 296 562 est
308 511 371 562 oleis
383 511 460 562 hodie
471 510 550 562 locus.
585 511 666 562 Haud
678 511 717 563 ita
729 511 830 579 pridem

164 596 179 630 o

181 595 210 631 ιιι
223 579 349 647 praeconis
360 586 417 631 erat
428 579 576 647 acipensere
587 595 678 631 mensa
760 623 762 627 Α

104 647 221 700 Infamis.
248 647 337 708 Quidl
355 653 419 699 tunc
428 646 547 699 rhombos
556 648 643 698 minus
657 663 760 715 aequora
767 642 884 699 alebantl

104 715 188 768 l'utus
200 721 257 768 erat
268 715 392 767 rhombus
404 721 515 783 tutoque
526 715 626 767 ciconia
638 716 707 782 nido,

103 783 193 837 Donec
204 801 249 837 vos
262 789 352 836 auctor
364 784 454 836 docuit
466 784 609 851 praetorius.
645 784 714 850 Ergo
735 818 737 823 ,
855 783 885 832 60

103 852 131 905 si
144 854 203 921 quis
215 869 286 904 nunc
297 869 399 918 mergos
412 869 503 904 suaves
515 852 627 903 edixerit
639 869 716 918 assos,

103 919 211 972 Parebit
222 921 297 988 pravi
309 921 399 972 docilis
413 920 531 972 Romana
539 921 673 986 juventus.

103 987 229 1040 Sordidus
241 1006 257 1040 a
269 989 345 1040 tenui
357 989 430 1040 victu
442 988 558 1054 distabit,
571 989 656 1040 Ofella

103 1055 124 1109 J
125 1056 216 1118 udicc;
233 1073 296 1108 nam
307 1057 405 1108 frustra
416 1057 513 1108 vitium
525 1057 646 1108 vitaveris
658 1055 733 1123 illud,

103 1123 131 1177 si
143 1130 170 1177 te
182 1125 234 1176 alio
246 1141 356 1192 pravum
369 1125 512 1177 detorseris.
547 1125 699 1190 audianus,

102 1195 152 1250 cui
166 1194 247 1248 Oanis
258 1211 292 1246 ex
304 1211 364 1246 vero
377 1194 478 1245 dictum
490 1211 634 1261 cognomen
646 1194 770 1259 adhaeret,

104 1261 293 1328 Quinquennes
305 1260 373 1312 oleas
385 1267 425 1311 est
437 1266 464 1311 et
476 1260 605 1311 silvestria
617 1277 701 1326 corna,

103 1329 142 1379 Ac
153 1329 205 1380 nisi
217 1334 350 1380 mutatum
361 1329 446 1396 parcit
459 1327 601 1379 defundere
613 1329 706 1380 vinum
718 1334 753 1395 et,

103 1395 184 1463 Cujus
197 1397 301 1448 odorem
313 1396 363 1448 olei
375 1413 488 1464 nequeas
501 1397 620 1463 perferre,
633 1395 722 1448 licebit

103 1463 155 1516 llle
166 1465 274 1532 repotia,
287 1465 388 1516 natales
400 1465 496 1516 aliosve
508 1464 610 1515 dierum
855 1466 887 1516 60
911 1473 912 1486 ’

102 1530 193 1584 Festos
205 1532 308 1584 albatus
321 1532 439 1598 celebret,
451 1549 531 1584 cornu
543 1533 599 1600 ipsc
611 1531 698 1583 bilibri

103 1601 227 1653 Caulibus
239 1601 360 1667 instillat,
372 1602 467 1654 veteris
479 1617 532 1652 non
544 1617 638 1667 parcus
650 1601 725 1652 aceti.

103 1667 184 1730 Quali
196 1669 278 1736 igitur
290 1670 363 1720 victu
376 1671 477 1738 sapiens
489 1668 597 1720 utetur?
615 1677 642 1720 et
654 1669 748 1722 horum

102 1737 199 1790 Utrum
210 1737 375 1790 imitabitur?
395 1739 453 1790 Hac
466 1744 542 1804 urget
550 1736 636 1805 lupus,
643 1737 692 1788 hac
702 1738 782 1804 canis,
789 1737 864 1790 aiunt
871 1746 887 1788 b.

101 1805 221 1858 Mundus
233 1807 291 1872 erit,
305 1823 359 1874 qua
370 1824 424 1858 non
436 1806 551 1858 offendat
563 1806 695 1856 sordibns⁰
707 1813 788 1874 alque

102 1874 136 1926 In
147 1881 269 1927 neutram
280 1880 382 1942 partem
395 1875 482 1926 cultus
494 1875 579 1926 miser.
615 1874 667 1925 Hic
679 1891 764 1943 neque
776 1875 863 1942 servis,

101 1943 196 1997 Albuti
209 1944 277 1996 senis
289 1944 416 2011 exemplo,
428 1943 492 1994 dum
504 1941 595 1993 munia
607 1942 682 2008 didit,

101 2012 192 2064 Saevus
204 2014 254 2064 erit
261 2031 268 2076 ;
286 2029 335 2064 nec
348 2013 384 2063 sic
396 2019 428 2063 ut
440 2011 551 2080 simplex
563 2010 671 2062 Naevius
683 2016 792 2064 unctam

101 2081 223 2133 Convivis
230 2080 355 2150 praebebit
362 2097 473 2148 aquam;
487 2079 639 2131 vitiumhoc
647 2095 889 2148 quoquemagnum.

99 2148 198 2216 Accipe
209 2167 288 2216 nuno,
301 2149 387 2202 victus
399 2149 486 2200 tenuis
496 2165 555 2216 quse
567 2153 720 2215 quantaque
733 2165 821 2200 secum
856 2151 890 2204 70

100 2216 207 2270 afferat.
243 2218 377 2285 Imprimis
389 2217 475 2270 valeas
487 2215 566 2268 bene:
584 2233 654 2281 ιιιιιιι,
665 2217 744 2270 varia
756 2235 797 2272 res

101 2285 138 2336 Ut
150 2290 261 2336 noceant
273 2286 381 2354 homini,
393 2286 489 2352 medas,
501 2301 600 2337 memor
611 2283 682 2335 illius
695 2303 768 2354 escae,

100 2352 165 2415 Quae
178 2352 289 2419 simplex
302 2353 365 2406 olim
377 2355 426 2406 tibi
439 2354 546 2413 sederit;
564 2359 593 2405 at
605 2352 684 2404 simul
695 2355 760 2407 assis

98 2419 237 2474 Miscueris
249 2419 326 2486 elixa,
340 2423 419 2474 simul
430 2423 568 2489 conchylia
580 2421 673 2488 turdis,

98 2486 196 2538 Dulcia
207 2500 234 2534 se
245 2485 275 2534 in
285 2485 366 2542 bilem
377 2494 482 2542 vertent
493 2489 679 2557 stomachoque
690 2491 840 2546 tumultum

182 2562 264 2604 ΝΜ
272 2568 331 2618 ⁸¹³8st
581 2573 640 2624 equi
651 2587 673 2614 ιι.
683 2575 809 2619 osordidus
