1866 2874
289 93 501 147 SATIRARUM
521 95 557 150 11.
575 100 600 150 3-
792 106 841 156 167

59 201 143 256 “Men’
151 203 247 257 vivol”
260 204 317 258 “Ut
325 204 398 257 vivas
406 204 495 272 igitur,
501 205 596 274 vigila:
609 206 740 274 hocago.'’
752 209 842 272 “Quid

58 272 205 326 “Deficient
217 275 322 342 inopem
334 291 407 326 venae
419 283 453 340 te,
465 276 494 326 ni
506 275 579 327 cibus
591 281 670 344 atque
747 274 801 344 [vis
811 279 842 330 t''

59 341 150 409 lugens
162 343 265 395 accedit
275 344 408 395 stomacho
420 343 522 396 fultura
533 346 629 396 ruenti.

58 409 92 462 l¹u
104 411 207 464 cessas?
226 412 355 478 Agedum,
368 430 440 464 sume
452 412 501 465 hoc
513 413 686 481 ptisanarium
699 415 807 482 oryzae.'’

58 479 175 544 “Quanti
188 489 284 550 emptae
296 481 326 533 l’‘
345 480 477 533 “Parvo'’
514 483 638 544 “Quanti
651 502 711 552 ergo
722 485 752 536 l''
770 486 785 512 ‘⁶
794 485 842 537 Oo-

88 550 229 601 tussibus.”
266 552 279 578 “
287 551 380 604 Eheu!

59 617 122 680 Quid
135 619 222 686 refert,
235 620 331 686 morbo,
344 638 378 672 an
391 620 469 672 furtis
481 638 636 689 pereamque
647 623 747 690 rapinis
757 622 798 674 l'’'
806 647 840 656 ὤ

58 686 298 809 f‘Quisnanp’igitur
310 707 389 741 sanus
399 689 429 742 l’'
453 689 528 754 “Qui
540 707 592 742 non
604 691 726 743 stultus.'’
751 691 843 756 “Quid

87 773 183 809 avarus

55 826 174 880 “Stultus
182 833 210 880 et
218 827 352 880 insanus.'’
370 828 385 856 “
391 826 470 891 Quid,
479 827 501 878 si
508 828 567 894 quis
576 845 629 878 non
639 827 673 878 sit
682 844 784 893 avarus,
794 831 843 878 159

55 896 183 948 Continuo
195 897 307 949 sanusl”
326 895 481 947 “Minima’'
500 895 708 959 “Our‚Stoicel”
718 896 843 951 “Dicam.

56 961 94 1012 ‘N
95 979 130 1014 on
142 970 183 1015 est
195 964 346 1030 cardiacus,’
360 965 507 1031 (Craterum
520 964 616 1014 dixisse
629 965 742 1084 putato)

58 1029 121 1083 ‘Hic
133 1047 203 1098 teger
213 1031 232 1084 :'
249 1038 371 1084 recteest
383 1033 467 1099 igitur
479 1039 619 1100 surgatque
662 1031 688 1082 N
689 1029 785 1099 egabit,

7 1121 9 1168 ;
58 1101 130 1164 Quod
143 1102 214 1153 latus
227 1108 274 1152 aut
285 1118 359 1152 renes
371 1100 460 1152 morbo
473 1106 611 1152 tentantur
622 1107 707 1154 acuto.

7 1170 8 1178 ’
57 1169 114 1222 Non
126 1175 168 1222 est
179 1171 300 1237 perjurus
312 1186 397 1236 neque
410 1168 542 1231 sordidus;
559 1169 677 1220 immolet
689 1170 771 1288 troppis

7 1281 9 1290 ,
58 1237 110 1290 Hic
122 1255 232 1306 porcum
245 1237 355 1290 laribus:
374 1253 466 1288 verum
477 1237 629 1289 ambitiosus
641 1244 668 1289 et
680 1254 714 1288 au
750 1255 782 1300 κς

7 1319 9 1372 l
56 1306 170 1374 Naviget
183 1307 345 1374 Anticyram.
382 1305 453 1366 Quid
466 1307 535 1358 euim
547 1305 642 1372 differt,
654 1305 811 1358 barathrone

7 1375 8 1434 l
56 1375 141 1428 Dones
155 1375 285 1443 quidquid
297 1375 385 1442 habes,
397 1391 432 1426 an
443 1391 578 1442 nunquam
590 1381 666 1425 utare
678 1373 793 1442 paratisl

57 1444 161 1497 Servius
174 1445 304 1513 Oppidius
317 1443 414 1496 Canusi
427 1443 479 1494 duo
491 1443 596 1510 praedia,
609 1443 681 1495 divos

56 1513 173 1582 Antiquo
185 1529 274 1578 censu,
286 1513 373 1579 gnatis
386 1512 481 1563 divisse
493 1511 594 1563 duobus

7 1553 11 1642 l
56 1581 151 1634 Fertur
163 1589 190 1634 et
203 1582 252 1633 hoo
264 1582 376 1633 moriens
389 1581 477 1648 pueris
489 1580 586 1632 dixisse
598 1579 698 1633 vocatis
794 1581 846 1634 170

55 1650 96 1702 Ad
109 1651 225 1702 lectum:
246 1650 404 1717 ‘Postquam
416 1657 444 1701 te
456 1650 530 1714 talos,
543 1652 619 1716 Aule,
629 1665 760 1717 nucesque

7 1753 9 1782 7
55 1716 134 1768 Ferre
148 1717 208 1768 sinu
220 1716 289 1781 laxo,
302 1717 399 1768 donaro
411 1722 438 1768 et
450 1716 539 1768 ludere
552 1718 615 1784 vidi,

54 1783 96 1850 le,
112 1785 208 1852 Tiberi,
220 1801 366 1851 numerare,
378 1785 448 1837 cavis
460 1785 616 1838 abscondere
628 1786 746 1850 tristem

7 1857 8 1904 ἶ
53 1852 185 1920 Extimni,
198 1871 232 1904 no
243 1871 289 1905 vos
301 1861 390 1920 ageret
403 1854 508 1906 vesania
520 1854 623 1920 discors,

53 1922 92 1974 Tu
105 1921 312 1988 Nomentanum,
326 1930 356 1974 tu
368 1941 402 1976 ne
415 1940 549 1990 sequerere
561 1924 687 1977 Cicutam

54 1990 143 2054 Quare
155 2007 202 2058 per
214 1991 294 2043 Divos
307 1999 395 2044 oratus
408 1998 517 2059 uterque
528 1992 648 2057 Penates,

53 2059 92 2112 Tu
105 2076 172 2112 cave
183 2077 218 2112 ne
229 2060 340 2125 minuas,
353 2066 391 2128 tu,
404 2077 438 2111 no
449 2062 534 2128 majus
546 2061 627 2112 facias
639 2059 676 2125 id,

54 2127 136 2188 Quod
148 2128 211 2180 satis
223 2145 278 2180 esse
290 2135 370 2196 putat
381 2135 456 2197 pater
468 2136 494 2180 et
506 2136 602 2181 natura
614 2131 722 2182 codroet.

52 2196 186 2249 Praeterea
197 2214 232 2248 ne
244 2215 289 2248 vos
301 2197 393 2249 titillet
405 2197 495 2264 gloria,
503 2200 564 2266 jure

52 2265 71 2317 J
72 2265 177 2318 urando
190 2265 351 2334 obstringam
363 2265 452 2318 ambo:
470 2274 530 2318 uter
543 2266 625 2317 aedilis
637 2265 749 2320 fueritve
797 2269 847 2318 180

53 2333 181 2387 Vestrum
193 2342 296 2402 praetor,
309 2335 331 2386 is
343 2335 501 2386 intestabilis
513 2339 540 2387 et
552 2352 624 2387 sacer
635 2342 696 2388 esto.

52 2403 85 2454 In
99 2403 185 2455 cicere
197 2409 278 2469 atque
289 2403 351 2455 faba
363 2403 431 2455 bona
443 2409 473 2454 tu
486 2404 628 2472 perdasque
640 2404 745 2472 lupinis,

51 2471 138 2524 Latus
150 2472 223 2522 utin
235 2471 308 2523 Circo
321 2472 432 2539 spatiere
444 2479 471 2524 et
483 2474 580 2524 aineus
593 2479 624 2524 ut
636 2479 694 2536 ster,

51 2539 149 2592 Nudus
161 2540 239 2607 agris,
252 2540 339 2592 nudus
352 2541 472 2606 nummis,
485 2541 583 2606 insane,
596 2542 726 2608 paternis3

51 2609 164 2660 Scilicet
176 2615 207 2660 ut
219 2609 335 2676 plausus,
348 2625 411 2676 quos
423 2609 475 2661 fert
487 2609 612 2677 Agrippa,
625 2610 692 2660 feras
704 2616 743 2674 tu,

51 2685 153 2735 Astuta
165 2681 311 2748 ingenuum
324 2679 415 2745 vulpes
427 2679 532 2730 imitata
543 2677 697 2729 leonem’-
