1908 2886
275 137 530 194 EPISTOLARUM
549 142 571 195 Ι.
590 145 668 195 3-5.
806 143 855 193 195

22 245 23 248 ’
78 240 150 294 Inter
162 259 235 312 spem
247 258 396 310 curemque,
408 241 514 294 timores
526 241 596 293 iuter
607 245 635 293 et
646 241 705 306 ires,

78 311 186 364 Omnem
198 312 274 364 crede
287 312 357 363 diem
369 310 418 363 tibi
430 311 556 362 diluxisse
568 326 718 378 supremum
728 327 736 372 ;

21 437 22 448 ,
77 381 156 433 Grata
169 381 342 450 superveniet,
355 397 413 450 quse
425 397 478 432 non
490 379 643 448 sperabitur,
655 379 725 431 horn

20 479 22 512 ,
76 449 118 502 Me
130 451 259 518 pinguem
271 455 297 503 et
309 450 424 502 nitidum
435 449 502 501 bene
513 455 606 502 curete
617 454 678 500 cute
689 448 764 515 riser,

20 560 23 608 ,
77 519 164 583 Quum
175 520 260 573 ridere
273 519 351 588 r’oles,
363 519 472 588 Epicuri
484 518 516 571 de
527 535 606 587 grege
618 535 734 587 porcum.

17 685 23 770 l
217 701 393 756 EPISTOLA
412 703 711 766 V.-nnrosouruu1.

16 787 20 848 l
73 801 102 855 St
114 807 189 871 potes
202 802 336 855 Archiacis
349 802 458 868 convive
469 801 618 854 recumbere
629 801 706 854 lectis

15 853 17 928 l
72 871 128 924 Nec
140 872 242 924 modice
255 889 356 924 coenare
368 873 444 924 times
457 871 514 924 olus
526 887 602 924 omne
613 871 720 939 petella,

72 940 198 1011 Supremo
210 948 238 994 te
251 941 303 993 sole
316 941 392 1008 domi,
405 941 542 1008 Torquate,
554 939 671 992 manebo.

76 1010 144 1063 Vina
154 1011 226 1063 bibes
238 1011 334 1063 iterum
347 1011 432 1063 'l'euro
444 1010 540 1062 diffusa
551 1009 680 1078 palustres

71 1079 147 1132 Inter
159 1080 308 1132 Minturnas
321 1079 558 1148 Sinuessanumque
571 1079 716 1133 Petrinum.

70 1147 97 1200 Si
109 1149 206 1201 melius
218 1149 282 1218 quid
294 1149 381 1215 habes,
394 1166 493 1202 arcesse
504 1148 547 1200 rel
559 1149 699 1217 imperium
709 1149 757 1202 fer.

15 1275 17 1284 ,
69 1217 89 1270 J
89 1218 236 1270 amdudum
249 1219 369 1288 splendet
379 1219 453 1271 focus
465 1224 492 1271 et
504 1218 553 1270 tibi
565 1217 664 1270 munde
675 1217 801 1287 supellex.

15 1287 17 1340 l
69 1286 153 1340 Mitte
164 1288 233 1340 leves
246 1306 303 1357 spes
316 1294 343 1340 et
355 1288 499 1341 certamine
510 1286 664 1340 divitiarum

15 1349 17 1436 l
68 1355 104 1410 Et
117 1357 221 1409 Moschi
233 1375 354 1410 causam:
373 1373 429 1410 cres
440 1363 504 1409 neto
517 1356 615 1408 Caesare
627 1355 709 1408 festus

67 1425 123 1479 Det
136 1427 241 1479 venium
253 1443 423 1496 somnumque
436 1427 506 1489 dies;
523 1425 631 1493 impune
642 1424 733 1478 licebit
826 1427 859 1478 10

15 1555 17 1574 ,
67 1495 201 1548 AEstivem
214 1513 330 1548 sermone
341 1496 455 1564 benigno
467 1494 574 1548 tendere
585 1501 697 1548 noctem.

15 1577 17 1606 l
68 1565 126 1629 Quo
138 1565 206 1616 milri
217 1565 358 1632 fortunam,
371 1566 393 1618 si
405 1583 457 1618 nou
469 1564 621 1617 conceditur
631 1564 691 1617 util

66 1633 169 1688 Parcus
181 1634 214 1686 ob
224 1635 327 1687 heredis
339 1651 429 1687 curam
441 1635 605 1702 nimiumque
618 1651 721 1688 severus

15 1727 16 1736 ¹
65 1703 177 1756 Assidet
187 1704 292 1756 insano:
311 1711 401 1772 potere
414 1711 441 1756 et
453 1721 573 1772 spargere
584 1703 660 1756 flores

66 1772 205 1842 Incipiam
215 1774 353 1842 patiarque
364 1774 407 1826 vel
419 1772 584 1825 inconsultus
595 1773 692 1826 heberi.

66 1843 141 1906 Quid
152 1859 206 1894 nou
217 1842 328 1896 ebrietes
340 1842 480 1910 designati
515 1842 613 1910 Operte
623 1841 743 1908 recludit,

65 1911 131 1980 Spes
139 1911 218 1980 jubet
230 1928 284 1964 esse
295 1918 372 1979 retus,
385 1913 419 1965 ed
431 1911 524 1980 proelis
535 1910 620 1963 trudit
632 1912 760 1974 inertem3

66 1980 195 2034 Sollicitis
207 1981 301 2034 animis
313 1998 379 2034 onus
391 1981 491 2048 eximit,
504 1981 613 2032 addocet
625 1987 701 2032 artes.

65 2050 188 2102 Fecundi
200 2050 293 2103 culices
305 2067 383 2120 quem
394 2067 447 2103 nou
459 2051 543 2102 fecere
556 2048 699 2102 disertum?

65 2120 210 2172 Contracta
221 2136 299 2188 quem
311 2137 364 2172 nou
375 2120 404 2172 iu
416 2124 572 2188 paupertate
584 2117 719 2171 solutuml
822 2119 855 2170 20

64 2189 134 2242 Haec
146 2205 195 2256 ego
206 2205 343 2258 procurare
356 2196 382 2241 et
394 2189 502 2241 idoneus
515 2188 626 2256 imperor
638 2193 665 2239 et
676 2204 730 2240 uon

64 2258 182 2325 Inritus,
193 2275 228 2310 nc
239 2264 317 2328 turpe
329 2258 404 2325 torel,
417 2275 451 2309 ne
463 2257 566 2310 sordide
577 2273 639 2326 mep

64 2328 194 2395 corruget
205 2344 288 2394 neres,
301 2345 334 2380 ne
346 2345 399 2381 non
412 2333 439 2379 et
451 2326 593 2379 cantharus
604 2333 631 2378 et
653 2343 707 2379 unx

64 2396 197 2450 Ostendat
210 2395 260 2450 tibi
271 2403 306 2465 te,
318 2414 351 2450 ne
363 2397 428 2449 fidos
440 2397 510 2448 inter
521 2396 617 2448 emices

63 2465 110 2519 Sit
120 2466 167 2534 qui
180 2465 331 2519 dictatores
344 2466 468 2530 eliminet,
481 2470 513 2517 ut
525 2467 600 2517 coint
612 2483 660 2534 par

62 2535 85 2588 J
86 2539 257 2604 ungeturque
269 2536 333 2604 peri.
369 2535 480 2587 Butram
491 2533 543 2585 tibi
554 2532 755 2602 Septiciumque,

62 2605 104 2659 Et
115 2605 167 2658 nisi
179 2621 254 2658 cuens
265 2604 336 2674 prior
347 2603 483 2673 potiorque
494 2601 583 2670 puelle
595 2602 721 2654 Sabinum
