1908 2886
249 83 500 138 EPISTOLARUM
518 86 556 140 11.
577 92 601 139 1.
761 93 812 142 223

33 188 110 244 Recte
122 190 293 258 factarciert,
305 191 417 244 orientia
428 196 546 260 tempora
557 191 626 244 notis
766 191 817 243 130

33 257 141 312 Instruit
153 261 287 328 exemplis,
298 261 403 329 inopem
415 261 514 313 solatur
525 267 552 312 ct
565 277 671 328 aegrum.

32 328 109 382 Castis
124 346 186 382 cum
197 330 284 397 pueris
293 330 386 397 ignara
397 330 486 399 puella
497 330 586 382 mariti

31 395 147 451 Disceret
157 398 229 451 unde
240 416 335 467 preces,
348 405 435 452 vatem
447 399 476 450 ni
488 399 565 451 Musa
576 397 706 451 dedisset?

1 519 2 522 ,
31 465 113 520 Poscit
126 485 202 536 opem
215 467 306 520 chorus
318 475 345 520 et
357 469 495 537 prasentia
506 469 617 520 numina
629 469 715 536 sentit,

30 535 149 589 coelestes
160 537 197 588 im
215 536 282 589 lorat
293 554 374 606 aquas
386 539 463 590 docta
475 555 550 606 prece
561 537 681 605 blandus,

1 635 2 674 q
29 604 131 658 Avertit
143 623 200 658 mor
233 624 251 673 s,
263 607 405 660 metuenda
416 607 534 676 pericula
546 607 628 676 pellit,

1 679 2 732 l
29 672 157 744 Impetrat
168 682 196 727 et
207 692 298 743 pacem
310 683 337 728 et
348 676 505 744 locupletem
517 676 636 744 frugibus
648 692 755 731 annum.

29 743 147 796 Carmine
158 744 195 796 Di
208 746 294 814 superi
306 745 452 814 placantur,
465 746 580 798 carmine
592 745 691 798 Manes.

28 811 154 880 Agricola
167 814 245 882 prisci
256 815 335 866 fortes
348 832 478 884 parvoque
489 815 560 867 beati

28 881 136 935 Condita
148 888 207 951 post
218 883 350 936 frumenta
362 884 479 937 levantes
491 891 607 953 tempore
618 883 685 935 festo
759 888 809 938 140

28 949 122 1021 Corpus
134 958 163 1004 et
173 952 261 1020 ipsum
272 953 391 1005 animum
403 971 448 1022 spe
460 953 519 1005 finis
532 954 598 1006 dura
609 955 744 1022 ferentem,

27 1019 87 1073 dum
100 1020 179 1074 sociis
190 1038 305 1090 operum,
317 1023 404 1091 pueris
416 1029 444 1075 et
455 1025 566 1091 conjuge
577 1023 637 1090 fida,

26 1086 155 1142 Tellurem
165 1107 249 1159 porco,
263 1091 397 1145 Silvanum
409 1092 478 1144 lacte
488 1092 606 1161 piabant,

24 1155 142 1212 Floribus
155 1165 182 1211 et
194 1161 255 1213 rino
268 1161 380 1214 Genium
391 1178 530 1214 memorem
542 1160 626 1214 brevis
639 1161 695 1214 avi.

24 1225 185 1281 Fescennina
196 1246 243 1298 per
254 1230 325 1282 bunc
336 1231 445 1283 inventa
456 1231 563 1282 licentia
574 1247 672 1282 morem

24 1294 146 1350 Versibus
158 1297 265 1351 alternis
277 1299 414 1368 opprobria
425 1300 524 1352 rustica
535 1299 613 1366 fudit,

22 1363 191 1435 Libertasque
201 1375 361 1421 recurrentes
373 1375 480 1437 accepta
492 1385 629 1436 perennes

22 1433 92 1490 Lusit
105 1436 262 1504 amabiliter,
275 1438 356 1490 donec
364 1439 421 1506 jam
433 1455 515 1490 savus
527 1443 644 1506 apertam

22 1502 49 1556 ln
59 1505 165 1559 rabiem
177 1506 256 1574 coepit
267 1507 335 1559 verti
343 1508 418 1575 jocus
430 1513 457 1560 et
487 1524 515 1560 er
526 1507 647 1560 honestas

21 1571 57 1627 lre
68 1576 163 1628 domos
174 1574 281 1643 impuno
292 1577 391 1629 minax.
425 1525 536 1628 Dolirere
548 1583 656 1630 cruento
754 1583 804 1632 150

20 1641 102 1698 Dente
115 1643 230 1696 lacessiti
237 1663 244 1708 ;
262 1645 315 1697 luit
326 1645 434 1697 intactis
446 1663 548 1714 quoque
560 1663 623 1698 cura

20 1712 174 1766 Conditionc
186 1730 263 1782 super
275 1715 421 1778 communi;
440 1715 504 1783 quin
516 1715 596 1766 etiam
608 1714 652 1767 lex

18 1779 96 1835 Poena
116 1781 305 1849 uelata‚1nelo
318 1800 376 1852 quae
388 1783 469 1836 nollet
481 1785 595 1835 carmine
608 1800 764 1853 quemquam

17 1848 105 1904 Descri
126 1850 151 1914 i;
169 1858 269 1904 vertere
280 1853 393 1919 modum,
405 1853 544 1904 formidine
555 1853 633 1904 fustis

16 1917 53 1972 ld
66 1921 137 1972 bene
150 1919 290 1973 dicendum
302 1921 536 1990 delectandumque
547 1922 654 1974 redacti.

16 1988 117 2042 (lraecia
130 1996 209 2058 cepta
220 1990 305 2042 ferum
317 1990 441 2042 victorem
454 1991 531 2058 cepit,
543 1997 570 2044 et
582 1998 651 2044 artes

15 2056 114 2111 Intulit
127 2057 224 2126 agresti
235 2058 325 2122 Lati03
344 2060 380 2112 sic
392 2059 511 2112 horridus
522 2060 568 2112 ille

13 2124 135 2180 Deduxit
147 2145 270 2180 numerus
283 2127 429 2193 Saturnius,
440 2135 467 2181 et
479 2145 558 2196 grave
570 2129 643 2182 virus

13 2193 157 2249 Munditie
169 2197 307 2265 pepulere;
325 2198 369 2250 sed
381 2198 409 2249 in
421 2197 528 2266 longum
539 2203 628 2251 tamen
640 2215 727 2252 avum

13 2263 173 2318 Mansenrnt
184 2265 313 2334 hodieque
324 2273 433 2320 manent
444 2267 555 2335 vestigia
566 2268 641 2320 ruris.
749 2275 799 2325 160

12 2332 90 2387 Serus
103 2333 175 2387 enim
188 2334 283 2387 (iraecis
296 2335 411 2388 admovit
422 2337 544 2389 acumina
556 2337 661 2404 chartis,

11 2401 43 2455 Et
55 2409 120 2472 poet
133 2403 234 2456 Punica
245 2403 314 2456 bella
326 2405 430 2473 quietus
442 2422 556 2474 quaerere
568 2407 654 2475 coepit,

11 2471 81 2535 Quid
94 2471 234 2541 Sophoclea
246 2478 273 2526 et
284 2473 391 2542 Thespis
403 2481 430 2527 et
441 2474 581 2542 AEschylus
593 2477 659 2529 utile
670 2477 774 2531 ferrent.

8 2541 137 2594 'lentavit
149 2558 251 2610 quoque
262 2560 324 2610 rem,
337 2543 359 2594 si
370 2543 448 2610 digne
460 2549 559 2597 vertere
570 2551 663 2612 posset,

10 2609 42 2664 Et
56 2609 162 2680 placuit
174 2610 231 2678 sibi,
243 2618 338 2664 natura
350 2611 467 2664 sublimis
479 2619 506 2666 et
517 2630 591 2676 acer;
