1858 2874
113 127 152 178 38·
425 115 582 170 ΗΟΒΔΤΙΙ

214 224 250 277 'De
262 241 352 277 rursus
363 225 393 278 in
404 223 504 277 bellum
515 227 650 277 resorbens

248 293 326 347 Unda
337 294 413 346 fretis
425 293 490 346 tulit
502 293 629 346 aestuosis.

177 361 248 430 Ergo
259 361 404 430 obligatam
414 361 495 414 redde
507 361 527 416 J
528 362 571 414 ovi
582 361 679 430 dapem

176 429 319 500 Longaque
330 431 429 484 fessum
440 430 539 484 militia
550 431 622 484 letus

211 499 253 553 De
286 516 320 552 ne
331 499 381 552 sub
392 500 471 553 lauru
482 517 542 552 mea
553 516 602 552 uec

270 585 330 621 arce
342 569 414 621 cadis
426 568 477 621 tibi
488 568 635 623 destinatis.

178 635 310 691 Oblivioso
322 637 393 692 levia
404 637 517 691 Massico

177 705 281 760 (liboris
292 705 378 776 exple,
390 706 473 759 funde
484 704 625 774 capacibus

212 774 355 844 Unguenta
367 776 401 828 de
412 774 525 828 conchis
562 775 627 838 eris
639 773 691 828 udo

248 844 427 914 Deproperare
440 843 499 912 apio
512 859 618 896 coronas

177 912 292 966 Ouratve
302 912 406 982 myrtol
425 929 503 980 quem
515 911 605 966 Venus
617 912 748 966 arbitrum

176 981 255 1036 Dicet
266 980 391 1035 bibendis
409 981 435 1035 N
436 998 471 1034 on
482 997 530 1050 ego
542 982 632 1035 sanius

212 1049 364 1104 Bacchabor
376 1050 489 1105 Edonis:
506 1056 612 1119 recepto

247 1117 332 1172 Dulce
343 1119 411 1172 mihi
421 1119 510 1174 furere
522 1124 563 1174 est
574 1119 666 1174 amico.

271 1343 422 1398 OARMEN
440 1342 592 1398 vni-n>
605 1357 739 1398 neamus.

175 1471 255 1525 Um
267 1471 289 1523 si
297 1471 365 1539 juris
377 1470 429 1523 tibi
440 1470 552 1539 pejerati

175 1539 265 1606 Poena,
276 1539 381 1606 Rarius,
393 1540 525 1592 nocuisset
536 1555 663 1607 unquam,

174 1608 263 1662 Dente
274 1607 297 1660 si
308 1607 384 1674 nigro
396 1607 471 1661 fieres
483 1607 526 1662 vel
537 1625 591 1662 uno

246 1675 358 1744 Turpior
369 1675 462 1744 ungui,

179 1744 322 1798 Crederem.
358 1743 411 1800 Sed
423 1751 461 1813 tu,
474 1744 554 1799 simul
566 1745 689 1815 obligasti

175 1813 309 1868 Perfidum
320 1814 388 1868 votis
401 1820 488 1884 caput,
501 1815 624 1868 enitescis

174 1883 312 1937 Pulchrior
322 1884 408 1937 multo
415 1885 598 1952 juvenumque
609 1883 698 1954 prodis

89 1975 92 1980 ’
245 1952 357 2006 Publica
369 1970 439 2006 cura

174 2021 291 2090 Expedit
301 2022 394 2076 matris
406 2023 506 2076 cineres
518 2026 622 2092 opertos

173 2090 276 2144 Fallere
288 2097 316 2146 et
326 2097 383 2146 toto
395 2091 530 2146 taciturna
540 2091 628 2144 noctis

173 2158 255 2228 Signa
267 2176 328 2213 cum
338 2160 403 2214 coelo
415 2159 554 2229 gelidaque
566 2159 648 2214 Divos

242 2228 329 2282 Morte
340 2235 466 2282 canentes.

174 2295 254 2348 Ridet
265 2296 322 2365 hoc,
334 2298 451 2366 inquam,
464 2297 554 2352 Venus
565 2297 633 2368 ipsa,
644 2297 733 2352 rident

171 2363 309 2432 Simplices
320 2366 460 2435 Nymphae,
472 2367 544 2420 ferus
556 2373 584 2421 et
597 2368 698 2437 Cupido
800 2391 802 2396 ·

171 2431 279 2502 Semper
290 2434 412 2486 ardentes
424 2453 520 2490 acuens
532 2437 644 2506 sagittas

243 2501 306 2554 Oote
318 2508 434 2556 cruenta

172 2567 258 2632 Adde,
270 2570 340 2638 quod
352 2569 434 2638 pubes
446 2571 496 2625 tibi
508 2575 601 2626 crescit
613 2573 706 2642 omnis,

171 2635 291 2692 Servitus
303 2637 396 2691 crescit
407 2654 493 2704 novs3
509 2657 559 2694 nee
570 2642 671 2711 priores
