1866 2874
257 103 400 156 EPODON
421 101 530 155 GARM.
549 105 625 155 6-e.
787 103 837 156 113

118 205 190 273 Cere,
203 222 284 258 cere:
302 222 416 274 nemque
428 205 456 257 in
468 205 551 258 melos
563 203 721 274 esperimus

150 275 247 326 Parata
259 275 323 327 tello
335 291 441 341 cernue,
647 296 648 300 ¹

118 343 205 408 Qualis
218 343 357 410 nycambae
370 350 472 412 spretus
483 342 566 396 infido
577 359 659 412 gener

150 413 205 464 Aut
217 429 278 464 ecer
289 413 371 464 hostis
383 413 493 480 Bupalo.

117 482 165 550 An,
179 483 201 534 si
213 482 273 549 quis
284 488 342 534 etro
355 481 434 532 dente
445 498 488 533 me
499 481 632 549 petiverit,

150 551 258 603 Inultue
269 557 302 602 ut
313 548 380 602 flebo
391 549 474 618 pueri

216 715 366 770 OARMEN
384 716 519 770 VIL-ro
532 731 668 771 nouenos.

117 828 184 895 Quo,
197 845 248 896 quo
261 827 364 880 scelesti
375 827 470 880 ruitis?
488 833 536 880 eut
548 845 595 881 eur
607 828 723 881 dexteris

151 897 287 966 Aptentur
299 913 372 949 enses
384 897 501 950 conditi?

117 965 248 1018 Perumne
261 967 360 1034 eampis
372 973 453 1033 etque
464 966 589 1036 Neptuno
601 983 680 1036 snper

151 1035 252 1086 Fusum
264 1041 304 1087 est
316 1035 405 1086 Latini
418 1035 569 1102 sanguinisi

117 1103 184 1170 Non,
196 1109 229 1155 ut
241 1103 365 1172 superbas
377 1104 474 1156 invidae
487 1104 653 1172 Carthaginis

152 1173 287 1224 Romanus
299 1189 370 1224 eroes
382 1179 477 1240 ureret,
584 1198 587 1204 ·

117 1241 239 1294 Inteotus
251 1247 299 1294 eut
310 1242 454 1294 Britannus
467 1247 499 1294 ut
510 1241 679 1294 descenderet

152 1310 232 1362 Socra
244 1316 382 1362 catenatus
394 1311 445 1377 vie,

17 1401 18 1406 ¹
118 1377 169 1432 sed
181 1384 212 1431 ut
224 1379 371 1430 seeundum
383 1385 445 1432 vota
457 1379 616 1432 Parthorum
629 1396 676 1432 sue

152 1447 221 1501 Urbs
233 1447 291 1500 heee
303 1448 400 1516 periret
412 1449 528 1501 dextere.
811 1451 845 1500 10

118 1516 144 1570 N
176 1534 210 1569 ue
222 1517 267 1569 hie
279 1516 349 1584 lupis
361 1534 416 1568 mos
428 1534 476 1568 nec
488 1517 542 1569 fuit
553 1517 673 1570 leonibus

177 1602 278 1654 nquam
290 1585 342 1638 nisi
352 1587 382 1637 in
394 1585 563 1654 disperseris.

119 1653 235 1708 Furorne
248 1671 337 1722 eaeeus,
350 1671 385 1706 en
396 1656 467 1723 rapit
479 1656 519 1707 vis
531 1654 631 1708 eeriori

151 1723 195 1776 An
208 1723 304 1792 culpet
323 1724 486 1791 Responsum
498 1725 573 1778 dete!
587 1751 623 1764 -

118 1791 218 1845 Tacent
230 1799 257 1844 et
269 1792 344 1844 albus
357 1809 401 1844 ore
413 1793 497 1861 pellor
509 1793 594 1844 inficit

152 1862 309 1929 Montesque
320 1861 446 1929 perculsae
459 1866 574 1930 stupent.

118 1928 161 1982 sic
173 1935 227 1982 est:
245 1930 338 1982 eoerbe
350 1931 407 1982 sete
419 1931 549 1983 Romanos
561 1935 645 1999 egunt

153 1998 296 2067 scelusque
307 2000 430 2051 fraternos
442 2000 521 2067 neeis,

118 2065 156 2119 Ut
167 2069 329 2119 immerentis
341 2069 419 2120 fluxit
431 2069 460 2120 in
472 2079 568 2121 terrem
581 2067 658 2122 Remi

152 2135 231 2189 Seeer
242 2137 380 2206 nepotibus
392 2153 474 2190 eruor.
808 2139 843 2190 20

135 2301 286 2357 GARMEN
304 2303 449 2358 VHL-nr
462 2319 542 2357 nunu
556 2319 750 2359 ιιιιιιιιιιοιιιι.

119 2411 237 2466 Roernn
248 2414 327 2483 longo
339 2414 460 2484 putidam
472 2419 499 2467 te
512 2414 607 2482 seculo,

153 2483 229 2536 Vires
241 2484 305 2551 qnid
317 2489 423 2536 enervet
434 2483 523 2536 ineest

118 2550 207 2614 Quum
220 2552 255 2604 sit
267 2552 316 2604 tibi
328 2553 393 2604 dens
404 2558 461 2605 ater
473 2557 500 2604 et
512 2553 585 2621 rugis
596 2557 674 2605 retus

152 2621 279 2674 Frontem
290 2628 409 2674 senectus
421 2626 519 2688 exeret,

48 2697 112 2742 ιιοιι.
439 2703 450 2738 1
