1908 2886
278 112 362 168 110st
380 113 489 168 EPIS'l.
510 116 533 168 1.
554 119 576 167 l.
757 117 805 168 189

43 219 158 289 Pupillis,
171 235 235 289 quos
247 219 314 272 durs
326 220 422 289 premit
434 219 553 272 custodie
564 223 687 284 metrum,

42 289 78 342 Sic
89 290 157 342 mihi
169 289 247 342 tarde
258 289 347 342 fluunt
359 291 515 358 ingratoque
526 295 651 357 tempore,
664 301 721 356 quae
734 301 806 356 spem

43 359 231 428 Consiliumque
242 365 380 411 morantur
391 359 488 428 egendi
499 358 603 410 noviter
613 357 649 424 id,
662 355 732 426 quod

42 428 122 498 AEque
134 446 188 497 pau
222 427 295 480 ribus
307 429 419 497 prodest,
431 427 605 496 locupletibus
618 443 699 494 esque,

44 497 121 566 AEque
134 515 186 566 neg
198 506 286 550 ectum
298 499 385 566 pueris
398 497 554 566 senibusque
566 495 676 550 nocebit.

44 566 137 634 Restat,
149 574 182 619 ut
194 567 235 618 his
247 583 295 636 ego
307 583 349 620 me
361 567 416 636 ipse
428 583 518 635 regem
530 565 596 618 soler
613 581 647 618 ue
659 562 808 618 elementis:

43 635 94 689 Non
107 637 189 707 poesis
201 636 277 688 oculo
290 644 419 706 quantum
431 636 587 690 contendere
596 583 726 703 lynceus,

44 705 96 758 Non
108 715 198 759 temen
210 705 307 759 idcirco
319 713 469 759 contemnes
481 706 569 774 lippus
581 703 674 770 inungi
681 721 689 768 ;

43 774 98 842 Nec,
111 777 175 844 quis
186 776 306 844 desperes
317 776 411 828 invicti
423 776 539 828 membre
552 772 681 841 Glyconis,
792 773 826 825 ³0

44 844 141 897 Nodoss
152 861 246 914 eorpus
258 845 325 897 nolis
338 845 474 914 prohibere
486 844 616 912 cheregre

44 913 85 966 Est
96 915 211 983 quedem
223 915 326 982 prodire
338 923 422 981 tenus,
434 915 456 966 si
468 931 520 966 non
533 914 612 964 detur
622 911 700 965 ultre.

45 983 133 1036 l’ervet
144 984 257 1036 avaritie
268 984 413 1052 miseroque
424 984 547 1052 cupidine
560 987 663 1050 pectus:

45 1051 106 1105 Sunt
117 1053 197 1105 verbe
209 1057 330 1120 strodes,
343 1052 438 1121 quibus
450 1053 522 1104 hunc
533 1051 615 1103 lenire
627 1049 742 1103 dolorem

46 1120 123 1174 Possis
135 1129 163 1174 et
174 1139 299 1190 magnam
311 1123 393 1175 morbi
406 1123 535 1191 deponere
546 1126 656 1190 purtem.

46 1189 136 1244 leudis
147 1207 234 1243 amoro
246 1197 346 1245 tumes:
364 1197 426 1244 sunt
438 1197 510 1244 certo
540 1189 633 1256 ieculs,
646 1205 704 1258 que
716 1193 744 1241 te

46 1259 87 1312 lor
97 1278 164 1330 pure
175 1260 244 1313 lecto
257 1267 382 1329 poterunt
393 1277 510 1313 recreare
521 1209 616 1312 libello.

46 1327 156 1397 invidus,
169 1329 318 1397 iracundus,
330 1331 407 1397 iners,
419 1331 531 1395 morus,
544 1334 652 1394 ametor,

45 1396 121 1452 Nemo
133 1399 199 1452 edeo
211 1398 282 1452 ferus
294 1405 341 1467 est,
353 1406 450 1452 utnon
461 1399 595 1451 mitescere
607 1395 696 1466 possit,

46 1467 68 1520 Si
78 1469 155 1522 modo
167 1468 278 1521 culturae
290 1469 436 1538 patientem
448 1467 593 1520 commodet
605 1481 703 1520 eurem
792 1465 827 1516 40

46 1535 132 1590 Virtus
144 1544 184 1590 est
196 1539 292 1590 vitium
303 1538 394 1606 sugere
405 1542 432 1590 et
445 1537 574 1606 sepientis
585 1536 670 1606 primu

46 1604 161 1660 Stultitia
172 1608 292 1660 caruisse.
329 1605 416 1674 Vides,
429 1623 487 1675 quae
499 1606 616 1658 maxima
628 1603 711 1658 credie

45 1674 102 1730 Ilsse
112 1677 191 1742 mals,
204 1677 331 1745 exiguum
343 1693 450 1728 censum
461 1683 617 1744 turpemque
629 1673 767 1744 repulsum,

47 1744 146 1808 Quanto
157 1746 258 1798 devites
270 1745 352 1798 animi
364 1746 508 1814 capitisque
520 1743 622 1808 lsbore;

46 1812 157 1884 Impiger
168 1821 298 1868 extremos
311 1815 392 1867 curris
404 1821 532 1866 mercator
543 1814 576 1866 od
590 1813 675 1880 Indos,

46 1882 90 1936 Per
100 1901 173 1938 mere
185 1881 338 1954 pauperiem
349 1884 462 1952 fugiens,
473 1900 520 1952 per
532 1899 602 1948 sexu,
614 1899 661 1950 per
672 1881 760 1950 ignes:

46 1952 82 2006 Ne
94 1971 168 2009 cures
181 1970 219 2021 ee,
250 1971 291 2006 nae
303 1952 384 2006 stulte
396 1953 498 2004 miraris
510 1959 537 2004 et
549 1958 631 2020 optes,

46 2021 146 2076 Discere
158 2029 186 2075 et
198 1971 290 2075 sullim
302 2029 329 2076 et
340 2021 442 2075 meliori
454 2022 557 2074 credere
568 2038 622 2072 non
633 2019 691 2072 viel

47 2092 105 2155 Quis
117 2092 218 2145 circum
230 2109 311 2161 pagos
323 2099 350 2144 et
363 2093 461 2144 circum
473 2091 589 2159 compita
600 2106 709 2158 pugnax

47 2159 140 2232 Magne
153 2163 271 2214 coronari
283 2167 435 2214 contemnet
448 2161 479 2214 Ol
525 2161 576 2229 pis,
589 2159 631 2211 cui
643 2176 655 2210 s
674 2175 709 2227 es,
796 2161 830 2211 50

47 2230 89 2284 Oui
100 2231 135 2284 sit
148 2231 265 2284 conditio
277 2231 361 2284 dulcis
374 2232 429 2283 sine
441 2179 548 2300 pulilre
560 2176 673 2299 pelmael

48 2298 128 2354 Vilius
140 2305 282 2370 argentum
295 2307 335 2352 est
346 2317 417 2367 euro,
430 2298 573 2352 virtutibus
585 2314 686 2350 eurum.

48 2369 86 2422 “0
97 2370 176 2436 cives,
189 2368 266 2435 cives,
278 2364 419 2436 quaerenda
431 2367 542 2434 pecunie
554 2366 668 2435 primum
680 2375 719 2421 est
732 2388 738 2432 ;

51 2435 133 2492 Virtus
145 2443 206 2506 post
217 2435 363 2489 nummos.”
398 2435 462 2487 Haec
474 2435 560 2488 Jnnus
573 2453 687 2487 summus
699 2439 730 2488 nb
745 2439 794 2490 imo

48 2507 177 2577 Prodocet,
190 2509 248 2561 hoec
259 2509 382 2560 recinunt
389 2509 499 2574 juvenes
512 2507 611 2557 dietata
624 2524 747 2575 sonosque

48 2577 120 2633 lsaevo
131 2578 253 2648 suspensi
265 2577 362 2629 loculos
374 2576 542 2642 tabulamque
556 2574 658 2626 lacerto.

49 2646 91 2702 Est
101 2650 208 2702 enimus
220 2647 278 2713 tibi,
291 2652 352 2698 sunt
364 2661 447 2698 mores
459 2650 486 2695 et
498 2643 590 2709 lingue
601 2643 722 2710 fidesque,
