1908 2886
115 121 167 172 216
425 121 581 178 HORATII

116 221 151 274 (lo
169 220 202 290 in,
214 237 267 274 neu
278 221 380 274 fluitem
392 220 478 274 dubiae
491 237 535 288 spe
546 221 677 289 pendulus
689 221 765 274 horu.
851 225 906 274 110

178 291 241 343 setis
253 298 293 344 est
304 309 376 344 orere
388 291 408 344 J
408 308 483 343 ovem
494 307 553 358 quoe
565 291 646 342 donst
658 295 686 342 et
698 289 799 340 aufert:

114 357 168 413 Det
179 359 269 429 vitem,
282 361 327 413 det
338 377 407 430 opes,
419 376 523 429 aequum
534 359 573 411 mi
585 359 703 412 animum
713 359 768 428 ipse
780 359 892 428 perebo.

235 523 408 578 EPISTOLA
426 523 571 578 XIK-sn
585 535 772 576 sinensium.

115 631 217 687 Ps1sco
230 633 252 687 si
264 633 356 702 credis,
368 633 499 688 Maecenns
510 634 593 701 docte,
606 634 719 701 Orstinc,

114 700 197 757 Nulla
208 704 310 773 placere
322 704 369 757 diu
381 721 429 756 nec
440 704 529 757 vivere
540 704 656 756 cerminc
667 707 783 772 possunt,

116 776 180 840 Quae
192 774 343 826 scribuntur
355 789 429 842 nquae
438 773 578 854 potoribus.
615 774 652 826 Ut
663 773 732 826 mele
744 789 821 826 sanos

115 842 261 912 Adscripsit
273 843 350 903 Liber
362 843 462 912 Satyris
475 843 624 912 Faunisque
635 845 734 912 poetes,

115 912 187 966 Vins
196 912 251 966 fere
263 912 351 965 dulces
364 913 487 964 oluerunt
498 929 575 965 mune
587 913 713 965 (inmense.

115 981 248 1036 Laudibus
260 983 381 1050 arguitur
392 982 449 1034 vini
460 981 566 1034 vinosus
579 981 724 1045 Homerum

115 1050 218 1105 Ennius
228 1051 284 1120 ipse
296 1057 370 1119 peter
382 1067 519 1120 nunquam
530 1051 582 1102 nisi
594 1057 669 1118 potus
681 1051 716 1103 nd
728 1067 801 1103 nrmn

116 1121 240 1174 Prosiluit
252 1119 369 1173 dicende.
404 1121 502 1172 Forum
514 1119 655 1188 putenlque
667 1120 773 1172 Libonis

114 1189 246 1242 Mundebo
259 1189 340 1256 siccis,
352 1189 467 1243 edimnm
479 1195 585 1244 centens
597 1190 707 1243 severis:

115 1257 174 1312 Hoc
186 1258 264 1312 simul
275 1259 353 1326 edixi,
366 1276 419 1311 non
431 1275 562 1312 cessavere
592 1260 659 1312 o'e'tee
868 1263 904 1310 10

114 1327 140 1380 N
141 1334 249 1381 octmno
261 1335 360 1380 certare
372 1343 449 1394 mero,
462 1341 554 1396 putere
586 1329 668 1380 'umo

116 1397 192 1464 Quid,
205 1398 227 1449 si
239 1398 296 1466 quis
308 1397 386 1451 vultu
398 1403 471 1450 torvo
483 1399 553 1450 ferus
566 1403 593 1449 et
638 1397 753 1450 denudo

115 1466 278 1536 Exiguaeque
290 1473 358 1536 teges
370 1466 476 1519 simulet
488 1472 590 1520 textore
622 1472 735 1532 etonem,

115 1535 283 1588 Virtutemne
294 1542 462 1604 reprensentet
473 1553 609 1603 moresque
622 1533 744 1588 (letonisl

115 1605 199 1674 Rupit
212 1604 339 1657 Iurbitam
351 1605 500 1674 Timagenis
513 1605 609 1660 aemuln
621 1605 721 1672 lingua,

114 1674 186 1727 Dum
198 1674 285 1727 studet
297 1675 413 1727 urbanus
425 1675 562 1744 tenditque
574 1675 687 1726 disertus
700 1673 799 1728 heberi.

113 1743 220 1812 Decipit
232 1743 366 1812 exemplar
378 1744 450 1797 vitiis
461 1743 605 1806 imitabil03
623 1744 694 1811 quod
706 1744 729 1796 si

115 1812 245 1867 Pellerem
257 1829 325 1880 cusu,
337 1813 457 1867 biberent
470 1831 604 1882 exsangue
616 1813 761 1866 cuminum.

116 1883 138 1936 Ο
150 1883 300 1948 imitatores,
314 1899 417 1936 servum
429 1900 515 1952 pecus,
527 1889 559 1935 ut
570 1882 637 1934 mihi
648 1900 683 1934 see

114 1952 207 2019 Bilsm,
220 1969 287 2021 saepe
295 1953 387 2020 jocum
398 1952 479 2006 vestri
490 1969 594 2005 movere
605 1959 664 2004 tum
693 1954 752 2007 tus!
871 1955 906 2006 20

115 2021 208 2075 Libere
219 2039 265 2091 per
277 2039 390 2075 vacuum
401 2021 477 2090 posui
489 2021 600 2090 vestigia
611 2021 743 2090 princeps,

114 2091 141 2145 N
141 2109 175 2145 cn
186 2092 273 2144 eliens
283 2109 341 2144 meo
352 2091 433 2160 pressi
445 2090 518 2158 pede.
554 2091 609 2152 Qui
621 2090 671 2142 sibi
683 2089 750 2156 fidit,

114 2161 178 2214 Dux
189 2161 258 2230 regit
270 2177 386 2214 examen.
422 2160 512 2212 Parios
524 2177 572 2228 ego
584 2161 685 2228 primus
696 2159 798 2212 iambos

115 2231 224 2284 Ostendi
236 2231 318 2297 Latio,
330 2245 451 2282 numeros
463 2229 615 2298 animosque
628 2235 755 2297 sequutus

114 2299 272 2364 Archilochi,
284 2317 338 2352 non
348 2317 389 2352 res
401 2305 428 2352 et
440 2299 547 2366 egentis,
558 2298 637 2354 verbo
649 2296 808 2367 Lycamben.

114 2368 155 2420 Ac
165 2384 200 2420 ne
211 2385 253 2420 me
265 2368 335 2420 foliis
347 2368 405 2422 ideo
417 2367 581 2421 brevionibus
593 2383 676 2434 omes,

116 2437 191 2500 Quod
204 2436 282 2488 timui
294 2443 396 2490 mutare
408 2437 498 2490 modos
510 2443 537 2490 et
549 2436 672 2490 cei-minis
685 2441 777 2500 entem,

115 2505 254 2574 Temperet
266 2506 417 2560 Archilochi
429 2507 534 2558 Musam
546 2506 612 2574 pede
624 2504 741 2558 mnscnln
752 2505 871 2576 Sappho,

115 2573 254 2640 Temperet
266 2573 377 2640 Alcesus,
389 2575 434 2626 sed
446 2574 523 2628 rebus
534 2582 562 2628 et
574 2574 664 2630 ordine
676 2575 772 2644 disper,
