1866 2874
80 111 130 162 126
390 109 542 161 HORA'PII

58 277 63 286 ι
77 214 144 268 Tam
155 215 261 268 facilem
273 216 353 282 dicat,
365 217 433 270 votis
445 222 477 270 ut
506 215 604 269 raebeat
617 215 728 270 aureml¹

76 283 215 351 Praeterea,
227 301 261 337 ne
274 286 318 351 sic,
333 290 362 337 ut
375 287 421 353 qui
428 234 564 354 jocularia,
577 287 665 336 ridens

77 352 245 405 Percurram:
258 383 293 393 -
306 370 466 421 quamquam
478 355 608 406 ridentem
621 355 706 407 dicere
719 371 813 406 verum

76 422 147 485 Quid
160 422 251 473 vetatl
271 429 301 474 ut
313 424 400 490 pueris
413 423 475 474 olim
487 423 553 474 dant
565 423 683 475 crustula
695 423 786 474 blandi

77 492 208 555 DoctoreS,
222 491 353 542 elementa
365 492 449 542 velint
463 499 491 543 ιι1
504 492 602 542 discere
615 493 714 559 prima;
726 520 761 530 -

80 560 131 612 Sed
145 568 233 612 tamen
247 568 334 611 amoto
347 576 494 626 quaeramus
507 561 573 612 seria
585 560 654 612 ludo.

78 628 128 680 Ille
141 646 248 696 gravem
261 629 326 679 duro
340 635 436 680 terram
449 629 494 695 qui
507 630 587 681 vertit
599 638 693 696 aratro,

77 697 197 749 Perfidus
210 696 253 748 hic
266 714 357 764 caupo,
370 697 461 748 1111111ο
473 705 621 764 nautaque,
635 716 681 765 per
693 715 770 750 omne

77 767 198 818 Audaces
210 783 282 818 mare
295 767 341 833 qui
354 773 471 830 currunt,
484 767 534 818 hac
546 774 634 818 mente
646 767 761 820 laborem
840 773 877 822 30

78 834 138 887 Sese
151 835 226 898 ferre,
241 852 314 886 senes
328 842 358 886 ut
372 837 399 887 in
413 837 467 887 otia
480 842 539 887 tuta
551 837 681 903 recedant,

78 904 169 968 Aiunt,
183 921 265 973 quum
278 904 327 954 sibi
340 905 394 956 sint
407 912 530 972 congesta
542 905 653 956 cibaria:
672 906 740 957 siout

78 973 201 1038 Parvula,
214 989 276 1024 nam
289 974 409 1040 exemplo
422 982 468 1039 111,
481 975 570 1041 magni
583 974 691 1026 formica
702 974 798 1027 laboris

78 1042 129 1095 Ore
141 1042 225 1094 trahit
238 1042 413 1109 quodcunque
426 1051 512 1110 potest
524 1050 604 1110 atque
617 1043 692 1095 addit
704 1061 804 1112 acerve,

78 1110 162 1173 Quem
177 1111 264 1174 struit,
279 1110 351 1162 haud
364 1112 457 1178 ignara
469 1129 499 1162 ao
511 1129 563 1163 non
577 1112 683 1164 incauta
695 1112 786 1166 futuri,

78 1180 150 1246 Quae,
163 1179 243 1231 simul
256 1180 390 1231 inversum
403 1181 542 1232 contristat
554 1181 686 1246 Aquarius
698 1198 806 1249 annum,

77 1248 138 1301 Non
150 1267 262 1316 usquam
274 1250 391 1317 prorepit
404 1256 430 1301 et
442 1249 495 1300 illis
507 1249 593 1300 utitur
605 1255 668 1300 ante

78 1318 201 1381 Quaesitis
213 1319 317 1387 sapiens
322 1317 336 1385 ¹,
350 1336 432 1386 quum
445 1325 472 1369 te
484 1334 569 1386 neque
580 1318 697 1370 fervidus
710 1324 791 1371 vestus

77 1386 222 1441 Demoveat
234 1389 314 1453 lucro,
327 1405 412 1455 neque
424 1387 513 1452 hiems,
527 1387 602 1454 ignis,
615 1404 694 1454 mare,
706 1388 815 1456 ferrum,

78 1455 124 1508 Nil
136 1455 222 1508 obstet
234 1457 290 1524 tibi,
303 1456 368 1507 dum
380 1474 413 1508 ne
426 1457 460 1507 111
472 1456 591 1508 teditior
603 1455 677 1508 alter.
838 1462 877 1511 40

79 1525 148 1588 Quid
157 1528 236 1592 juvat
249 1527 405 1576 immensum
418 1531 444 1576 te
457 1525 560 1592 argenti
573 1525 675 1592 pondus
688 1530 715 1577 et
727 1527 787 1578 auri
926 1527 927 1589 i

79 1593 183 1645 Furtim
196 1594 297 1646 defossa
309 1594 433 1645 timidum
446 1594 575 1662 deponere
587 1593 675 1645 111111

79 1660 182 1721 “Quod
195 1661 217 1711 si
229 1663 396 1726 comminuas,
408 1663 488 1714 vilem
500 1662 635 1728 redigatur
647 1661 681 1712 ad
694 1662 803 1714 aesem.'’

79 1733 123 1798 11,
136 1733 164 1783 nr
177 1732 204 1783 11
216 1731 254 1797 fit,
267 1731 331 1798 quid
343 1731 424 1783 hasa
436 1731 542 1800 pulehn·
553 1736 722 1784 constructus
734 1731 865 1784 11111111
925 1719 926 1763 l

80 1800 157 1854 Milia
168 1801 295 1852 frumenti
307 1806 354 1852 tua
366 1801 471 1853 triverit
483 1818 543 1853 area
555 1806 672 1867 centum,
795 1847 798 1854 .

79 1869 139 1922 Non
151 1876 213 1922 tuus
226 1869 275 1921 hoc
287 1870 373 1936 capiet
386 1876 478 1921 venter
489 1870 548 1937 plus
560 1886 591 1921 ac
603 1886 692 1922 meus:
710 1873 744 1920 ut
756 1868 778 1921 11
924 1885 925 1937 q

81 1938 233 1992 Reticulum
244 1938 320 2006 panis
332 1937 436 1989 venales
449 1939 518 1990 inter
530 1944 624 1990 onusto

81 2009 158 2061 Forte
171 2008 249 2060 vehas
261 2006 377 2072 humero,
389 2007 473 2058 nihilo
485 2006 544 2074 plus
556 2006 671 2073 accipias
683 2023 764 2074 quam

81 2078 134 2141 Qui
145 2077 184 2129 nil
196 2075 315 2144 portarit.
351 2075 400 2127 Vel
413 2076 463 2141 die,
476 2076 540 2144 quid
552 2078 649 2127 referat
661 2075 735 2127 intra
923 2069 924 2113 l

81 2146 107 2197 N
107 2152 191 2198 aturae
202 2144 267 2196 fines
279 2143 386 2210 viventi,
396 2146 490 2212 jugera
503 2151 609 2196 centum
621 2161 657 2196 an
841 2149 877 2198 50

81 2221 156 2274 Mille
167 2215 243 2270 aretl
274 2216 332 2265 “At
345 2230 424 2265 suave
435 2220 475 2264 est
487 2230 519 2266 ex
531 2231 627 2279 magno
639 2213 732 2265 tollere
743 2211 859 2267 acervo.‘’
922 2199 923 2288 l

80 2285 152 2337 Dum
164 2301 197 2335 ex
209 2298 290 2348 parvo
303 2278 376 2330 nobis
389 2281 545 2332 tantundem
558 2280 665 2332 haurire
676 2282 818 2351 relinquas,

82 2353 135 2402 (tur
146 2358 193 2402 tua
204 2349 265 2428 plus
276 2347 368 2398 laudes
380 2349 490 2399 cumeris
503 2350 627 2415 granaria
637 2350 751 2403 nostrisl

83 2418 119 2467 Ut
132 2417 181 2467 tibi
194 2432 216 2465 si
229 2415 263 2465 sit
275 2430 341 2481 opus
353 2413 448 2480 liquidi
460 2431 512 2466 non
524 2417 638 2485 amplius
650 2435 725 2483 urna,

82 2487 132 2538 Vel
144 2484 247 2552 cyatho,
259 2489 286 2535 et
298 2485 376 2549 dieas,
389 2485 508 2552 “Magno
521 2489 553 2540 de
564 2490 674 2545 flumine
685 2493 793 2546 mallem

86 2553 169 2604 'leram
181 2568 214 2601 ex
227 2550 275 2600 hoc
287 2550 414 2602 fonticulo
426 2557 583 2609 tantundem
595 2560 718 2614 sumere.”
755 2562 795 2615 Eo
806 2563 838 2616 fit

165 2637 174 2660 ⁸
187 2632 287 2672 Prnfldnr
296 2633 330 2672 lile
339 2644 413 2686 campo
422 2634 494 2673 miles·
686 2640 694 2669 ¹
706 2643 791 2692 petiens
