1866 2874
246 119 454 172 snurasnuu
474 119 495 170 1.
514 123 538 184 u,
557 123 581 170 o.
759 115 809 169 143

36 213 140 270 Vulcano
152 233 285 270 summum
297 218 453 286 properabat
465 219 578 272 lambere
591 225 699 272 tectum.

36 283 147 340 Convivas
160 287 251 338 aridos
264 303 364 338 coenam
377 305 513 355 servosque
525 289 648 341 timentes

34 351 86 406 lum
97 372 191 424 rapere
202 361 283 422 atque
295 372 383 407 omnes
395 357 556 424 restinguere
568 358 635 410 velle
647 357 756 410 videres.

35 418 119 492 Incipit
131 442 167 476 ex
179 424 225 474 illo
237 430 338 476 montes
352 424 449 492 Apulia
461 433 534 477 notos

34 488 159 546 Ostentare
171 493 246 559 mihi,
258 510 323 560 quos
334 500 416 544 torret
428 493 566 558 Atabulus,
578 497 605 544 et
617 507 681 560 quos

33 555 164 630 Nunquam
176 578 331 628 erepsemus,
343 563 394 614 nisi
404 579 450 613 nos
462 564 548 615 vicina
560 563 656 616 Trivici

34 624 91 682 lilla
101 631 250 698 recepisset,
263 630 398 682 lacrimoso
410 648 463 682 non
475 632 530 682 sine
541 633 622 699 fumo,
778 632 812 684 80

35 693 92 750 Udcs
102 717 166 751 cum
178 698 248 750 foliis
260 716 345 752 ramos
357 707 449 751 urente
461 702 569 754 camino.

34 763 75 818 Hic
84 785 133 835 ego
144 767 299 819 mendacem
311 768 480 820 stultissimus
492 787 574 837 usque
586 768 701 837 puellam

34 834 66 886 Ad
75 837 190 888 mediam
201 842 307 888 noctem
319 843 454 904 exspecto:
473 855 578 890 somnus
590 845 679 890 temen
691 837 776 890 aufert

33 901 161 958 Intentum
174 905 286 968 Veneri3
303 912 363 956 tum
374 906 508 958 immundo
521 909 620 958 somnia
633 907 692 959 visu

32 969 186 1026 Nocturnum
198 980 298 1025 vestem
309 975 445 1026 maculant
457 981 627 1043 ventremque
638 975 770 1056 supinum.

35 1039 155 1103 Quattuor
167 1043 230 1093 hinc
242 1045 361 1110 rapimur
371 1043 467 1110 viginti
480 1050 507 1095 et
518 1045 592 1095 milia
603 1044 697 1110 rhedis,

32 1107 143 1163 Mansuri
155 1111 289 1178 oppidulo,
301 1112 371 1179 quod
382 1129 459 1163 versu
472 1111 556 1164 dicere
568 1129 621 1164 non
633 1117 680 1179 est,

32 1176 111 1246 Signis
123 1178 249 1248 perfacile
261 1187 314 1233 est:
333 1180 406 1232 venit
418 1180 544 1232 vilissima
554 1197 642 1232 rerum

31 1244 77 1300 Hic
88 1265 173 1317 aqua;
192 1249 236 1301 sed
249 1249 325 1317 panis
337 1248 414 1316 longe
425 1249 624 1316 pulcherrimus,
636 1249 707 1302 ultra

31 1315 142 1369 Callidus
154 1323 186 1369 ut
199 1317 280 1369 soleat
291 1317 406 1369 humeris
418 1323 521 1386 portare
533 1318 632 1382 viator3
778 1319 814 1369 90

30 1382 96 1438 llam
107 1385 206 1438 Canusi
219 1385 358 1453 lapidosus,
371 1402 445 1453 aquae
457 1402 510 1438 non
522 1386 601 1438 ditior
612 1385 695 1451 urni5

30 1453 78 1516 Qui
90 1454 162 1507 locus
173 1471 191 1506 a
202 1454 265 1506 forti
276 1454 402 1506 Diomede
414 1460 453 1506 est
465 1454 585 1507 conditus
597 1455 667 1507 olim.

29 1520 163 1576 Flentibus
175 1522 238 1576 hinc
250 1523 345 1575 Varius
358 1523 467 1574 discedit
479 1529 585 1575 mustus
597 1523 701 1576 amicis.
730 1539 734 1548 ·

31 1589 93 1645 Inde
105 1591 194 1644 Rubos
206 1591 267 1644 fessi
279 1592 450 1660 pervenimus,
463 1597 556 1658 utpote
567 1591 675 1659 longum

29 1660 168 1730 carpentes
180 1661 269 1712 iteret
281 1662 382 1712 facturn
394 1660 541 1728 corruptius
554 1660 637 1714 imbri.

29 1726 134 1782 Postera
141 1737 283 1798 tempestas
294 1730 392 1795 melior,
405 1729 449 1780 via
460 1731 532 1796 pejor
544 1729 659 1795 adusque

28 1797 87 1851 Bari
100 1799 198 1851 moenia
210 1799 318 1866 piscosi3
337 1799 398 1850 dein
411 1798 514 1863 Gnatia,
527 1798 642 1865 lymphis

29 1866 106 1920 Iratis
118 1875 261 1932 exstructa,
274 1867 348 1918 dedit
359 1868 476 1934 risusque
485 1868 616 1933 jocosque,

27 1934 96 1988 Dum
108 1937 217 1988 flamma
229 1937 284 1987 sine
296 1936 375 1987 thura
387 1936 528 2003 liquescere
540 1935 630 1987 limine
643 1951 713 1986 sacro

26 2002 187 2058 Persuadere
199 2004 280 2072 eupit.
317 2005 410 2056 Credat
423 2005 442 2056 J
443 2004 534 2056 udaeus
546 2003 646 2071 Apella,
766 2005 816 2056 100

26 2072 85 2126 Non
97 2091 160 2155 ego:
178 2089 292 2140 namque
303 2073 371 2124 Deos
384 2073 465 2124 didici
477 2089 596 2124 securum
609 2089 685 2140 agere
697 2088 790 2142 aevnm,

26 2141 88 2208 Nec,
101 2160 125 2194 er
137 2142 202 2210 quid
216 2143 277 2193 miri
287 2141 368 2194 faciat
380 2149 483 2206 natura,
496 2141 564 2193 Deos
576 2141 604 2194 id

23 2211 122 2264 Tristes
134 2228 169 2263 ex
182 2210 237 2262 ulto
249 2211 307 2262 cosli
319 2211 456 2262 demittere
469 2217 545 2262 tecto.

23 2279 210 2333 Brundusium
221 2279 306 2348 longae
317 2279 377 2331 finis
390 2279 538 2348 chartaque
550 2279 651 2347 viaeque
663 2283 709 2332 est.

323 2445 452 2499 SATIRA
471 2446 517 2499 VI.

18 2557 51 2612 N
50 2573 87 2611 or
99 2557 173 2628 quia,
186 2555 322 2622 Mecenas,
335 2556 466 2623 Lydorum
479 2554 607 2622 quidquid
619 2554 742 2608 Etruscos

19 2627 142 2682 Incoluit
154 2625 230 2692 fines,
242 2641 318 2676 nemo
329 2624 475 2691 generosior
487 2630 527 2676 est
539 2627 572 2688 tc,
