1866 2874
90 89 141 140 ιω
401 75 555 130 HORATIl

87 191 103 220 “
111 189 152 242 Ne
164 187 223 257 quir
234 185 356 240 tumme
366 181 432 238 velit
444 183 558 251 Ajacem,
571 181 672 248 Atride,
684 185 758 236 retes
769 199 821 236 cur
831 184 862 239 l”

87 258 170 311 “Rex
180 257 261 310 sum.''
283 255 349 307 “Nil
360 253 432 306 ultre
444 269 531 320 quoere
543 251 684 318 plebeius.”
708 251 765 304 “Et
773 269 885 322 ecquam

89 327 156 380 Rem
168 325 307 394 imperite,
324 340 355 376 uc
367 323 390 375 ei
402 322 446 374 cui
458 321 547 374 videor
558 337 612 373 uon
619 322 717 387 justus,
728 321 819 375 inulto

87 396 188 460 Dicere,
219 393 271 446 uod
284 393 372 458 sentit,
417 388 531 442 rmittc.'’
556 391 570 418 “
580 389 698 442 Maxime
709 406 812 458 regum,
833 397 886 445 190

89 465 126 520 Di
140 464 188 516 tibi
201 412 264 515 ient
277 466 355 528 cepte
392 475 476 511 essem
487 457 616 512 deducere
629 459 726 526 Trojel

87 534 158 600 Ergo
170 531 303 584 consulere
316 537 343 581 et
354 545 416 582 mcx
428 527 583 595 respondere
593 525 685 580 licebit
695 528 719 580 l’'

89 603 103 632 “
112 600 248 656 Consule.”
284 601 298 628 “
306 599 359 651 Cur
370 599 447 664 Ajex,
459 597 534 649 heros
546 593 580 648 ab
592 595 695 649 Achille
707 597 849 666 secundus,

88 670 214 736 Putescit,
227 667 304 722 toties
317 667 425 720 cometis
437 665 523 718 clerus
535 665 650 731 Achivis,

88 739 208 793 Gaudeat
220 745 251 789 ut
263 736 375 805 populus
388 735 487 786 Priami
499 734 670 802 Priamusque
681 733 831 802 inhumato,

87 808 138 861 Per
167 824 229 860 uem
240 813 281 858 tet
289 807 400 874 juvenes
411 804 497 872 petrio
509 819 615 856 caruere
627 804 764 871 sepulchro
774 803 802 856 l’‘

87 877 102 904 “
110 825 185 930 Milic
197 875 287 928 ovium
299 876 406 926 insanus
417 873 496 924 morti
508 872 589 937 dedit,
602 872 724 924 inclitum
737 873 839 926 Ulixen

86 945 123 999 Et
135 945 287 998 Menelaum
299 960 353 996 une
365 959 469 995 mecum
481 957 508 994 se
520 940 637 994 occidere
649 940 788 994 clemens’'
929 987 930 994 ,

86 1016 102 1042 “
112 1016 151 1067 'lu
165 1030 247 1081 quum
258 1028 305 1080 pro
317 1012 403 1064 ritule
415 1011 510 1062 statuis
522 1009 626 1062 dulcem
637 1007 735 1062 Aulide
746 1016 841 1064 nutum
929 1061 930 1068 ,

86 1085 157 1136 Ante
168 1099 226 1134 eres
238 1081 391 1149 spergieque
402 1079 473 1132 mole
484 1083 571 1146 ceput,
584 1077 707 1148 improbe,
719 1079 794 1144 culex,
829 1084 883 1132 200
929 1089 930 1150 l

87 1145 883 1216 Rectumenimiservesl”“Quorsuml'’“lneunusquidenim
929 1189 930 1196 ,

87 1221 169 1288 Fecit,
181 1237 263 1289 quum
275 1219 369 1272 emerit
381 1218 448 1269 ferro
460 1232 539 1284 pecus
550 1215 560 1266 l
584 1215 722 1268 Abstinuit
730 1217 786 1268 vim
796 1215 884 1286 [Ajex

86 1291 174 1343 Uxore
186 1296 214 1342 et
225 1295 306 1357 gutte
318 1306 326 1351 ;
343 1287 413 1339 mele
424 1286 510 1338 multe
522 1290 643 1352 precatus
655 1285 764 1351 Atridis,

85 1359 145 1411 Non
158 1360 203 1412 ille
214 1363 262 1411 eut
274 1357 402 1409 'leucrum
414 1360 462 1407 eut
473 1355 561 1422 ipsum
572 1353 681 1406 violent
694 1354 799 1407 Ulixen.

85 1429 207 1480 “Verum
220 1444 276 1494 ego,
288 1433 319 1479 ut
331 1425 460 1478 haerentes
469 1423 577 1476 adverse
589 1422 665 1476 litere
677 1439 757 1475 neves

85 1495 228 1564 Eripercm,
240 1495 355 1563 prudens
367 1492 471 1562 placeri
484 1491 612 1558 sunguine
624 1488 730 1546 Divos.'’

84 1566 99 1591 “
109 1564 210 1631 Nempe
222 1571 276 1629 tuo,
288 1563 409 1615 furiose.”
445 1561 459 1588 ‘⁴
470 1561 541 1628 Meo,
553 1560 599 1614 ced
611 1576 664 1612 uon
675 1560 814 1613 furiosus.'’

84 1632 139 1693 Qui
151 1630 248 1712 species
260 1631 325 1684 elius
337 1631 405 1684 veris
417 1630 571 1698 scelerisque
582 1628 702 1682 tumultu

84 1701 234 1754 Permixtas
246 1699 339 1766 cupiet,
352 1704 496 1750 commotus
508 1697 654 1764 habebitur,
665 1702 755 1766 etque,

84 1768 241 1823 stultitiane
253 1774 328 1833 erret,
340 1767 454 1819 nihilum
467 1766 583 1833 distabit,
595 1783 630 1819 en
642 1767 688 1818 ireh
825 1767 880 1818 210
928 1793 929 1828 1

86 1841 157 1907 Ajcx
168 1837 311 1890 immeritos
324 1853 407 1904 quum
419 1837 522 1899 occidit,
535 1835 638 1903 desipit,
650 1851 747 1901 agnou
928 1883 929 1900 ,

87 1907 174 1970 Quum
186 1905 301 1974 prudens
313 1905 397 1958 scelus
409 1903 442 1956 ob
454 1905 546 1957 titulos
558 1903 677 1956 admittis
689 1903 789 1970 inanes,
800 1899 882 1969 [ccrl

86 1975 146 2029 Stes
158 1975 245 2028 enimc
257 1980 284 2028 et
294 1992 391 2043 purum
403 1980 443 2026 est
452 1973 517 2027 vitio
529 1972 586 2038 tibi,
596 1990 677 2041 quum
686 1973 820 2024 tumidum
832 1979 883 2039 est,

86 2043 116 2097 Si
128 2045 187 2112 quir
199 2043 293 2098 lectica
305 2043 418 2096 nitidum
430 2049 532 2111 gesture
544 2048 615 2094 umet
626 2058 730 2108 sgnum,

88 2113 159 2167 Huic
172 2118 279 2177 vestem,
292 2120 323 2165 ut
335 2118 430 2180 gutte,
443 2117 517 2180 peret
529 2110 645 2176 ancillas,
658 2115 733 2179 peret
744 2125 850 2176 eurum,

88 2181 186 2234 Rufum
198 2187 246 2234 eut
258 2182 386 2234 Pusillum
397 2180 513 2249 appellet
533 2181 646 2247 fortique
654 2178 750 2230 merite

88 2250 209 2304 Destinet
221 2267 343 2314 uxorem3
362 2249 502 2302 interdicto
514 2222 576 2300 buic
588 2264 665 2300 omne
676 2247 779 2300 adimet
787 2248 835 2315 jue

89 2318 188 2372 Praetor
200 2325 227 2370 et
238 2318 273 2370 ed
285 2336 361 2372 senos
373 2319 451 2370 ebert
463 2317 549 2370 tutele
561 2317 727 2385 propinquos.

90 2387 176 2451 Quidt
195 2387 217 2438 si
229 2388 288 2454 quis
300 2394 410 2454 gnatam
422 2404 468 2454 pro
480 2392 555 2438 mutu
567 2385 678 2438 devovet
689 2401 768 2452 agne,

90 2456 198 2522 integer
209 2461 248 2506 est
260 2454 359 2508 euimil
378 2457 418 2508 Ne
430 2455 535 2507 dixeris.
571 2454 648 2521 Ergo,
660 2453 707 2506 ubi
719 2470 802 2521 prm
830 2457 887 2506 220

90 2522 219 2585 Stultitie,
231 2521 275 2574 hic
287 2539 389 2574 summe
401 2529 440 2575 est
452 2524 569 2586 insenie3
587 2523 634 2591 qui
646 2522 791 2575 sceleratur

91 2588 128 2640 ut
139 2589 253 2642 furiorus
264 2590 329 2652 erit;
347 2606 425 2658 quem
437 2591 508 2658 cepit
520 2591 604 2645 vitree
615 2591 694 2656 sume,
