1866 2874
294 94 377 148 HOR.
396 91 466 146 SAT.
485 91 522 143 ΙΙ.
543 94 565 144 l.
776 83 823 136 167

14 172 20 289 ι
50 177 825 312 Qunmuliiquispuetimet,quamquamestintactue,etodit''

14 293 17 332 ,
49 262 235 322 “audaciam

13 452 17 491 l

291 259 377 312 Saltat
390 259 522 318 Milonius,
534 264 566 311 ut
579 257 658 310 semel
669 259 723 308 icto

48 325 150 378 lcoessit
162 327 248 379 fervor
259 323 342 394 capiti
354 345 530 395 numerusque
542 327 662 381 lucernis.

48 392 124 446 Castor
135 395 235 461 gaudet
247 395 321 462 aquis
328 413 335 458 ;
354 412 402 447 oro
414 404 558 463 prognatus
571 397 661 448 eodem

47 459 149 529 Pugnis;
167 471 233 530 quot
244 463 361 530 capitum
374 464 475 528 vivunt,
488 464 598 515 totidem
611 463 757 518 studiorum

47 528 128 583 Millia
164 531 210 582 Me
222 531 332 598 pedibus
343 531 457 584 delectat
469 531 589 584 claudere
601 532 680 586 verbe

48 596 119 650 lucili
132 599 189 650 ritu
201 599 321 652 nostrum
333 600 447 651 melioris
460 607 578 668 utroque.

47 663 87 718 Ille
98 667 170 718 velut
182 667 241 719 fidis
253 685 350 720 arcana
362 667 492 720 sodalibus
504 668 567 720 olim
710 729 713 733 ,
791 673 826 724 30

47 733 163 786 Gredebat
176 735 264 799 libris3
283 753 367 804 neque
381 737 402 788 si
414 737 483 788 male
495 742 614 803 cesserat,
626 754 744 804 unquam

46 799 183 855 Decurreus
195 804 255 870 alio,
268 821 353 872 neque
365 805 387 856 si
399 804 464 857 bene
471 823 478 868 ;
496 823 548 872 quo
560 805 598 869 fit,
611 811 642 858 ut
654 806 738 858 omnis

47 868 132 924 Votiva
144 880 236 940 pateat
249 873 332 925 veluti
345 873 476 942 descripta
487 873 586 926 tabella

46 937 100 992 Vita
112 940 188 993 senis.
224 941 322 1009 Sequor
334 941 405 994 huuc
419 941 540 994 Lucanus
552 959 587 994 an
603 941 706 1010 Apulus
717 958 827 1010 anceps:

45 1005 104 1059 llam
118 1008 268 1060 Venusinus
280 1017 339 1061 arat
350 1010 430 1061 finem
442 1009 491 1062 sub
503 1017 644 1078 utrumque
656 1011 769 1077 colonus,

45 1073 133 1128 Missus
145 1077 180 1129 ad
193 1077 242 1129 hoc
254 1077 344 1145 pulsis,
358 1086 432 1130 vetus
445 1085 484 1130 est
497 1086 527 1130 ut
539 1078 617 1143 fama,
630 1078 747 1145 Sabellis,

45 1143 95 1206 Quo
107 1162 141 1196 ne
153 1163 201 1213 per
213 1163 328 1197 vacuum
342 1146 457 1198 Romano
469 1147 612 1198 incurreret
624 1146 713 1212 bostis,

45 1210 99 1264 Sive
110 1214 182 1281 quod
195 1213 284 1281 Apula
296 1231 360 1281 gens
373 1231 417 1266 seu
430 1214 499 1282 quod
513 1213 631 1266 Lucania
642 1213 741 1265 bellum

43 1278 173 1333 incuteret
186 1280 308 1334 violenta
344 1281 394 1334 Sed
407 1282 451 1333 liic
463 1282 539 1333 stilus
551 1281 623 1333 haud
636 1286 708 1348 petet
719 1280 790 1332 ultro

8 1370 9 1378 ι
43 1347 204 1418 Quemquam
216 1351 378 1402 annuentem
386 1357 412 1402 et
424 1367 466 1401 me
478 1349 562 1401 veluti
574 1349 703 1400 custodiet
714 1349 783 1401 eneis
794 1352 829 1402 40

43 1415 143 1484 vagina
154 1425 256 1480 tectus;
274 1435 352 1486 quem
364 1435 411 1470 cur
423 1418 583 1484 destringere
596 1433 673 1469 coner

42 1483 121 1537 uitus
133 1487 167 1538 ab
179 1487 283 1539 infestis
296 1485 456 1538 latronibusl
493 1485 514 1538 O
527 1491 601 1554 pater
614 1492 641 1536 et
652 1501 700 1538 rex

41 1551 156 1621 Jupiter,
168 1563 201 1606 ut
213 1562 303 1622 pereat
316 1555 430 1622 positum
442 1554 502 1606 rubi
522 1554 564 1605 'ne
576 1553 666 1620 telum,

40 1619 93 1673 Nec
104 1623 245 1691 quiequam
257 1630 350 1675 noceat
362 1623 456 1690 cupido
498 1623 504 1634 '
527 1622 533 1634 '
546 1623 632 1690 pacis!
668 1621 705 1674 At
716 1621 769 1688 ille,

40 1691 90 1808 glai
101 1709 147 1744 me
158 1693 303 1758 commorit,
316 1692 335 1759 (⁸
343 1692 441 1746 Melius
453 1711 506 1746 non
518 1700 565 1746 tau
584 1712 626 1746 ere
636 1695 652 1750 Γ
670 1691 773 1758 clamo,)

69 1757 126 1811 ebit
139 1766 167 1810 et
179 1758 290 1826 insignis
303 1766 360 1810 tota
371 1757 523 1809 cantabitur
534 1711 604 1810 urle.

39 1824 146 1880 Cervius
158 1828 242 1878 iratus
253 1827 323 1894 leges
335 1826 473 1878 minitatur
485 1829 512 1876 ct
524 1841 624 1892 urnam,

39 1893 150 1947 Canidia
162 1893 265 1960 Albuti,
295 1895 373 1946 uibus
385 1900 424 1946 est
436 1894 550 1960 inimica,
563 1909 700 1958 venenum,

39 1961 143 2015 Grande
156 1963 257 2014 malum
291 1963 371 2029 urius,
384 1963 481 2030 siquid
494 1979 521 2014 se
529 1962 619 2029 judice
631 1968 720 2014 certes.

38 2028 79 2096 Ut,
93 2049 149 2100 quo
182 2031 273 2098 uisque
285 2031 363 2096 valet,
376 2039 507 2098 suspectos
520 2037 623 2095 terreat,
636 2036 718 2096 utque
794 2033 829 2083 60

37 2096 156 2168 Imperet
162 2048 218 2151 llroc
230 2106 326 2151 natura
338 2106 437 2167 potens,
447 2100 483 2150 sic
496 2098 588 2166 collige
600 2115 717 2150 mecum:

36 2165 123 2221 Dente
136 2168 224 2236 lupus,
237 2184 318 2220 cornu
330 2175 421 2219 taurus
434 2167 516 2236 petit;
534 2168 604 2218 unde
616 2167 667 2217 nisi
679 2168 751 2218 intus

36 2232 235 2289 Monstratuml
271 2235 367 2288 Scaevae
379 2237 497 2287 vivacem
509 2235 584 2287 crede
596 2235 685 2302 nepoti

37 2301 172 2364 Matrem
191 2301 230 2352 nil
242 2301 321 2354 saciet
333 2302 434 2355 sceleris
446 2303 491 2370 pia
503 2303 617 2364 dextera,
631 2305 747 2370 (mirum,

37 2369 71 2423 Ut
78 2388 170 2440 neque
177 2370 248 2422 calce
256 2370 334 2438 lupus
342 2388 496 2438 quemquem
506 2388 588 2438 neque
597 2371 674 2425 dente
682 2375 749 2441 petit
756 2374 801 2428 bos
808 2373 827 2439 ;)

34 2438 82 2492 sed
95 2441 172 2494 mala
185 2439 260 2490 tollet
272 2456 352 2491 anum
364 2439 457 2490 vitiato
470 2438 546 2490 melle
558 2439 651 2492 cicuta

33 2507 70 2562 Ne
83 2510 201 2576 longum
213 2507 321 2560 faciam:
340 2525 385 2559 seu
397 2524 439 2558 me
451 2507 595 2574 tranquilla
608 2513 726 2561 senectus

33 2575 185 2646 Exspectat
196 2592 243 2628 seu
254 2593 322 2629 mors
334 2575 398 2628 atris
410 2575 581 2628 circumvolat
592 2575 649 2642 alie,
