1908 2886
273 80 482 136 §triumuiri
504 79 541 132 11.
560 85 584 130 8.
773 91 823 140 187

6 195 7 220 1
44 181 155 237 stridere
168 189 267 238 secrete
279 186 375 237 divisos
387 202 450 236 eure
462 185 600 235 susurres.”

7 267 8 270 ’
44 253 155 306 “Nullos
167 253 209 306 his
221 254 327 307 mallem
339 254 414 306 ludos
427 260 555 322 spectasse
567 271 574 316 ;
593 252 636 306 sed
649 251 696 306 ille

43 321 128 376 Redde
140 341 198 391 age,
208 340 266 392 quae
279 324 401 392 deinceps
412 321 518 375 risisti.’'
542 323 686 374 “Vibidius
698 321 762 374 dum
791 323 825 372 80

5 393 7 464 i
43 393 137 456 Quaerit
149 394 183 446 de
195 393 290 462 pueris,
302 410 368 444 num
380 394 414 444 sit
427 409 530 460 queque
541 393 625 444 fracte
637 391 740 459 legens,

5 473 7 528 j
44 463 112 526 Quod
124 462 176 515 sibi
187 463 305 531 poscenti
315 479 369 514 non
381 462 478 514 dentur
490 461 589 530 poeuis,
602 460 717 528 dumque

5 537 6 590 ζ
43 531 152 584 Ridetur
163 531 233 584 fictis
244 549 338 598 rerum,
351 531 492 583 Balatrone
505 530 625 596 seeundo,

43 599 188 668 Nasidiene,
200 601 269 653 redis
280 605 390 654 mutetae
402 601 502 667 frontis,
514 607 546 652 ut
557 606 614 652 erte

2 687 5 733 4
42 669 235 723 Emendeturus
246 670 395 734 fortunam
413 669 508 721 deinde
520 669 626 737 sequuti

2 740 5 801 j·
42 739 195 792 Mezenemo
206 739 282 808 pueri
293 756 389 806 magno
401 739 531 806 discerpta
542 739 655 792 ferentes

1 845 2 871 p
42 807 162 862 Membra
173 809 247 877 gruis
260 809 342 876 sparsi
354 807 407 860 sele
418 807 510 874 multo,
522 825 575 860 non
587 807 643 858 sine
654 805 738 869 ἕκτη

42 877 187 947 Pinguibus
199 883 227 930 et
238 877 294 928 ficis
305 883 410 945 pastum
418 878 493 944 jecur
505 876 602 928 anseris
614 875 681 928 eibee

0 1007 1 1014 ἵ
41 947 75 1000 Et
85 947 206 1016 leporum
219 945 328 1010 evulsos,
341 952 372 998 ut
384 945 471 997 multo
483 947 595 1012 suerius,
608 960 699 1011 ermes,

0 1019 1 1032 ¹
43 1017 128 1080 Quem
139 1017 233 1068 sicum
243 1015 339 1068 lumbis
349 1016 407 1084 quis
419 1014 488 1078 edit;
506 1021 564 1067 tum
575 1021 679 1084 pectere
687 1011 781 1066 edusto
794 1013 828 1065 90

0 1147 1 1150 ¹
42 1085 163 1138 Vidimus
175 1092 202 1138 et
214 1084 327 1137 merulas
339 1084 401 1154 poni
414 1090 441 1136 et
453 1084 508 1136 sine
520 1084 597 1137 clune
608 1081 759 1152 palumbem

1 1165 2 1168 ’
42 1155 139 1209 Suevos
151 1171 198 1221 res,
211 1155 233 1206 si
245 1171 297 1206 non
310 1171 400 1206 eeuses
412 1159 530 1206 narraret
542 1170 631 1206 earum
643 1158 670 1204 et

1 1253 2 1273 i
43 1225 157 1277 Naturae
169 1223 305 1287 deminus;
322 1240 399 1292 quem
410 1238 457 1274 nos
470 1222 506 1274 sie
517 1223 633 1290 fugimus
645 1219 704 1289 ulti,

44 1294 78 1347 Ut
88 1293 159 1346 nihil
171 1293 277 1345 omnino
288 1298 458 1360 gustaremus,
475 1291 546 1344 velut
557 1291 610 1343 illis

45 1363 152 1418 Canidia
163 1361 277 1416 efflasset
288 1363 360 1430 pejor
372 1359 534 1430 serpentibus
546 1351 641 1413 Afris''
