1858 2874
263 110 460 165 OARMINUM
478 109 533 164 ΙΙΙ.
553 112 579 163 4.

132 217 222 270 sinite
234 219 396 286 querentem
408 214 508 267 labores

166 286 254 340 Pierio
265 285 390 338 recreatis
402 289 485 337 antro.

99 355 150 408 Vos
161 355 221 408 lene
233 353 372 408 consilium
384 359 412 406 et
423 353 493 405 datis
505 355 532 405 et
544 351 606 404 date

100 424 232 492 Gaudetis,
244 424 330 476 almae.
365 421 476 488 Scimus,
487 426 519 473 ut
530 421 625 490 impios

131 494 240 547 Titanas
252 493 447 559 immanemque
460 496 576 542 turmam

165 562 289 614 Fulmina
302 560 439 613 sustulerit
452 559 559 626 caduco,

98 631 148 695 Qui
160 637 260 684 terram
271 631 392 695 inertem,
404 629 450 696 qui
461 645 534 681 mare
546 633 676 696 temperat

96 699 249 766 Ventosum
261 704 289 751 et
301 697 377 751 urbes
389 714 521 765 regnaque
533 697 621 750 tristia

130 768 264 836 Divosque
275 767 452 834 mortalesque
464 765 555 818 turbas

165 837 280 906 Imperio
291 837 361 904 regit
373 852 441 888 unus
453 851 535 902 aequo.

96 906 230 974 Magnum
241 906 290 958 illa
298 910 424 957 terrorem
435 903 564 956 intulerat
576 902 596 956 J
596 903 640 956 ovi

97 975 194 1028 Fidens
202 978 331 1044 juventus
342 973 449 1026 horrida
460 971 582 1040 brachiis,

129 1044 288 1112 lintresque
300 1043 438 1096 tendentes
450 1058 531 1110 opaco

165 1112 258 1165 Pelion
268 1112 422 1180 imposuisse
435 1111 554 1178 Olympu

96 1181 147 1234 ssd
159 1181 224 1250 quid
236 1181 374 1250 'lyphiieus
386 1185 414 1232 et
425 1179 528 1232 validus
540 1177 637 1233 Mimas

95 1250 151 1303 Aut
163 1250 228 1331 quid
239 1251 337 1303 minaci
349 1249 513 1318 Porphyrion
524 1253 604 1314 statu,

130 1319 201 1383 Quid
213 1319 324 1372 Rhoetus
336 1319 485 1386 evulsisque
496 1317 598 1370 truncis

164 1388 314 1440 Enceladus
321 1387 455 1455 jaculator
466 1387 556 1439 audax

95 1457 193 1510 Contra
205 1462 341 1510 sonantem
352 1456 469 1509 Palladis
481 1455 577 1524 aegida*

95 1526 207 1579 Possent
217 1525 341 1578 ruentesi
377 1525 449 1578 Hinc
461 1525 554 1579 avidus
566 1523 642 1577 stetit

129 1594 274 1662 Vulcanus,
286 1594 349 1647 hinc
359 1599 481 1647 matrona
493 1595 512 1647 J
513 1610 565 1646 uno
577 1599 605 1646 et

165 1663 309 1732 Nunquam
321 1663 436 1716 humeris
448 1663 581 1732 positurus
592 1679 690 1730 ancum,

92 1732 147 1798 Qui
158 1749 216 1786 rore
225 1751 293 1853 puro
306 1733 426 1786 (laetalia
438 1732 505 1785 lavit

92 1803 185 1857 Orines
198 1819 226 1855 so
236 1807 303 1869 ntes,
316 1803 362 1870 qui
373 1801 461 1868 Lyciae
473 1806 546 1854 tenet

127 1871 246 1924 Dumeta
257 1871 426 1938 natalemque
438 1871 539 1936 silvam,

164 1940 256 1993 Delius
269 1944 296 1992 et
307 1940 434 1992 Patareus
446 1939 548 2007 Apollo.

91 2009 142 2063 Vis
155 2009 249 2062 consili
261 2025 354 2077 expers
364 2007 433 2060 mele
444 2009 500 2060 ruit
511 2024 558 2060 sua
564 2026 572 2072 3

91 2079 159 2133 vim
170 2083 344 2146 temperatam
355 2077 392 2131 Di
405 2093 507 2146 quoque
519 2075 667 2146 provehunt

127 2147 164 2200 In
174 2149 260 2215 majus
269 2165 277 2210 ;
294 2147 365 2199 idem
377 2147 453 2199 odere
465 2146 533 2198 vires

164 2215 248 2269 Omne
259 2215 333 2268 nefas
345 2215 433 2268 animo
445 2219 585 2267 moventes.

88 2284 179 2340 Testis
190 2301 309 2338 mearum
321 2285 485 2338 centimanus
498 2282 583 2350 Gyas¹

89 2353 299 2420 Sententianum,
311 2359 390 2406 notus
402 2358 430 2405 et
441 2353 552 2420 integrae

126 2423 255 2476 Teutates
267 2422 347 2475 Orion
360 2421 464 2487 Dianas,

163 2490 291 2559 Virginea
303 2491 419 2544 domitus
431 2489 537 2555 sagitta.

319 2641 417 2691 ‘Gyae
445 2639 503 2690 sisu
