1908 2886
18 49 20 92 μ
302 113 369 166 ARS
386 113 544 166 Pouumn
762 117 812 169 247

18 255 19 264 2
39 212 64 268 Ut
74 216 147 269 mala
159 232 238 283 quem
251 214 348 267 scabies
360 221 409 267 aut
420 215 524 266 morbus
536 213 624 282 regius
636 217 714 281 urget

39 285 80 338 lut
92 287 227 338 fanaticus
240 303 309 335 error
322 290 349 336 et
360 285 486 336 iracunda
499 284 592 350 Diana,

39 352 160 407 lesenum
173 355 291 421 tetigisse
304 355 399 405 timent
411 354 571 420 fugiuntque
583 354 697 421 podtam,

18 459 20 482 r
38 423 77 484 Qui
90 425 213 492 sapiunt3
233 424 336 489 agitant
348 423 422 490 pueri
434 423 586 489 incautique
599 426 753 489 sequuntur.

18 485 20 566 p
38 490 86 559 Hie,
100 493 164 544 dum
177 491 295 542 sublimis
309 509 396 542 versus
408 497 527 542 ructatur
539 497 566 542 et
578 499 655 557 errat,

18 571 20 618 j
38 560 55 612 li
66 562 151 614 veluti
164 561 270 612 merulis
283 561 400 612 intentus
413 559 510 611 decidit
522 576 617 626 auceps

18 685 19 688 ,
37 629 59 680 in
72 640 183 699 puteum
196 630 337 695 foveamve,
352 629 422 693 licet,
436 629 451 655 “
461 623 635 688 Succurrite,''
649 623 758 689 lengum

36 699 133 765 Clamet,
148 701 162 726 ‘⁶
173 699 204 750 lo
217 700 286 751 cives
297 697 320 752 !'’
340 715 393 749 non
407 697 449 762 sit,
462 695 507 764 qui
520 695 610 747 tollere
624 701 704 745 curet.
770 693 822 743 46.)

37 763 54 814 u
65 773 140 816 curet
153 781 212 832 quis
225 781 299 831 opem
312 765 379 816 ferre
391 769 418 816 et
430 764 567 815 demittere
579 765 676 829 funem,

38 832 76 895 Qui
89 835 147 899 seis,
161 851 195 884 an
209 833 322 900 prudeus
335 833 388 884 huc
401 851 427 884 se
439 834 580 900 projecerit
592 841 671 901 atque

18 897 19 952 J
37 900 128 954 Servari
140 902 224 953 nolit'l
258 896 360 963 Dicam,
374 901 506 969 Siculique
520 905 603 970 poc'tae

18 957 20 1024 ζ
38 968 143 1024 l'arrabo
156 971 302 1022 interitum.
338 971 409 1022 Deus
421 971 575 1022 immortalis
588 969 676 1022 haberi

18 1033 19 1054 ³
37 1037 95 1092 llum
108 1041 182 1110 cupit
195 1039 372 1106 Empedocles,
384 1039 519 1091 ardentem
532 1041 643 1106 frigidus
655 1039 767 1091 AEtnam

18 1109 19 1112 ’
38 1107 137 1162 Insiluit.
175 1109 216 1161 Sit
224 1111 269 1176 jus
281 1108 410 1175 liceatque
423 1110 506 1175 perire
519 1111 618 1177 poetis;

38 1176 143 1231 Invitum
157 1178 203 1246 qui
216 1183 310 1243 servat,
323 1177 394 1228 idem
406 1178 472 1229 facit
485 1178 619 1230 occidenti.

37 1244 79 1299 lec
91 1248 172 1300 semel
184 1247 233 1298 hoc
245 1247 325 1308 fecit;
344 1264 399 1313 uec,
413 1246 434 1297 si
446 1253 575 1298 retractus
588 1247 644 1312 erit,
654 1249 711 1315 jam

18 1363 19 1376 p
37 1313 83 1369 liet
95 1318 173 1369 homo
186 1322 212 1367 et
225 1322 304 1383 ponet
319 1316 423 1366 famosae
436 1317 526 1367 mortis
539 1333 659 1368 amorem.

37 1381 78 1437 Nec
91 1388 154 1438 satis
168 1391 283 1452 apparet,
297 1401 343 1434 cur
356 1403 444 1436 versus
456 1386 567 1442 factitct,
581 1391 671 1435 utrum
757 1385 809 1437 470

39 1451 155 1506 Polluerit
168 1457 266 1522 patrios
279 1453 386 1518 cineres,
399 1471 433 1504 an
445 1453 520 1503 triste
533 1451 651 1504 bidental

38 1517 137 1574 llcverit
150 1523 279 1572 incestus:
299 1527 368 1570 certe
381 1521 446 1571 furit
459 1538 489 1572 ae
503 1521 575 1572 velut
588 1539 663 1573 ursus

18 1603 19 1648 j
38 1587 145 1658 Objectoa
158 1606 243 1642 eaveae
257 1589 341 1640 valuit
354 1589 375 1639 si
388 1589 507 1656 frangere
520 1590 640 1653 elaturos,

18 1701 19 1718 ἶ
38 1655 165 1712 Indoctum
178 1659 335 1724 doctumque
348 1659 424 1724 fugat
437 1659 559 1710 recitator
571 1660 694 1723 acerbus;

38 1725 107 1788 Quem
120 1745 181 1780 vero
195 1728 313 1794 arripuit,
327 1734 399 1778 tenet
412 1729 558 1795 occiditque
571 1728 688 1795 legende,

18 1799 19 1812 ¹
37 1793 83 1850 Nou
94 1801 207 1850 missura
220 1805 306 1848 cutem
320 1797 370 1847 nisi
383 1797 461 1864 plena
474 1798 571 1849 cruerie
585 1798 687 1851 hirudo.
