1866 2874
106 83 157 135 138
421 78 576 131 HORATII

106 181 211 234 Dixeris
223 197 277 233 esse
289 180 367 245 setis;
385 197 477 249 neque,
490 182 512 233 si
524 181 570 250 qui
582 180 678 233 scribet
690 180 731 231 uti
743 196 794 232 nos

106 247 224 301 Sermoni
236 251 363 318 propiore,
375 258 452 319 putes
464 251 535 303 hunc
547 267 601 302 esse
612 251 725 319 poetam.

105 317 248 386 Ingenium
260 319 304 370 cui
316 319 357 385 sit,
370 320 413 371 cui
424 337 498 372 mens
510 319 622 371 divinior
634 325 713 437 etque
725 335 752 370 os

106 386 206 468 Magno
218 395 379 452 moturum,
392 388 438 440 des
449 388 562 440 nominis
575 389 654 454 hujus
686 403 800 439 onorem.

107 455 208 508 Idcsrco
220 457 335 525 quidam,
348 457 474 510 comoedis
485 473 567 508 necne
579 458 673 523 poimn

106 524 190 592 Esset,
203 525 359 591 quaesivere3
377 525 447 594 quod
459 543 518 578 scer
532 525 639 605 spiritus
651 541 682 576 ec
693 523 733 576 ris

106 591 163 646 Nec
174 593 259 646 verbis
271 611 319 646 nec
330 594 408 647 rebus
419 595 495 661 inest,
506 593 559 645 niss
571 593 640 660 quod
651 592 717 661 pede
728 596 801 644 certo

106 661 202 715 Differt
212 665 330 731 sermoni,
343 681 426 717 sermo
438 681 532 716 merus.
568 663 627 715 “At
639 669 714 729 peter
724 662 822 716 ordene

108 732 197 802 Saevit,
209 735 278 802 quod
290 733 424 785 meretrice
436 749 515 800 nepos
527 732 634 784 insonus
646 731 730 782 amica

109 801 193 855 Filius
204 819 313 856 uxorem
325 800 419 869 grandi
431 817 491 852 cum
503 799 563 852 dote
574 804 683 865 recuset,
862 800 895 850 50

108 870 204 924 Ebrius
216 878 249 937 et,
261 887 388 938 magnum
400 869 469 937 quod
482 869 600 932 dedecus,
613 867 729 919 ambulet
741 873 805 920 ante

107 937 217 992 Noctem
229 955 290 991 cum
302 938 428 992 fecibus.'’
462 937 600 1004 Numquid
612 937 770 1004 Pomponius
782 937 844 989 istis

108 1005 220 1057 Audiret
231 1005 335 1073 leviora,
347 1013 423 1074 peter
435 1006 457 1058 si
468 1004 585 1059 viveret?
620 1005 689 1072 Ergo

108 1071 168 1126 Non
181 1075 243 1126 setis
255 1080 295 1126 est
325 1075 380 1126 uris
392 1092 495 1127 versum
507 1074 664 1144 perscribere
676 1073 767 1139 verbis,
875 1081 878 1085 “

109 1141 193 1205 Quem
205 1143 227 1194 si
239 1092 371 1210 dissolves,
383 1143 468 1211 quiris
480 1144 656 1196 stomachetur
668 1142 758 1195 eodem

109 1210 166 1273 Quo
177 1217 331 1280 personatus
343 1219 420 1280 pacto
432 1218 514 1293 pater.
550 1213 608 1279 His,
619 1229 667 1279 ego
678 1228 736 1280 quae
747 1227 829 1278 nunc,

109 1278 179 1332 Olim
191 1298 249 1348 quse
261 1281 365 1349 scripsit
378 1281 502 1348 Lucilius,
514 1281 608 1350 eripias
620 1281 642 1332 si
839 1279 897 1348 [est
924 1279 925 1318 l

107 1347 235 1418 Tempora
246 1356 318 1402 certo
329 1349 470 1418 modosque
482 1357 517 1418 et,
527 1351 595 1418 quod
607 1350 680 1418 prius
689 1349 779 1402 ordine
787 1349 898 1402 verbum
924 1321 925 1412 l

107 1415 240 1471 Posterius
252 1419 341 1486 iscius,
353 1436 408 1488 pree
442 1437 507 1472 nens
520 1419 614 1471 ultime
626 1419 724 1486 primis,

106 1483 132 1534 N
133 1501 174 1552 on,
186 1491 219 1537 ut
230 1485 253 1536 si
264 1484 356 1551 solves,
369 1487 385 1514 “
415 1493 536 1554 ostquam
548 1487 684 1540 Discordia
695 1494 765 1541 tetre
867 1491 899 1539 60

106 1549 175 1604 Belli
186 1552 296 1605 ferratos
308 1558 394 1622 postes
406 1560 545 1621 portusque
556 1550 688 1620 refregit‚”
923 1553 924 1648 1

107 1618 231 1672 Invenies
244 1621 324 1674 etiem
337 1622 439 1690 disJeoti
452 1620 568 1674 membre
580 1621 673 1690 po'e'tae.

107 1687 245 1742 Hactenus
257 1689 329 1743 brec:
347 1691 420 1757 elius,
429 1692 532 1759 justum
544 1690 579 1742 sit
590 1707 672 1742 necne
684 1691 786 1758 poimc,

106 1755 186 1810 Nunc
197 1758 265 1811 illud
277 1765 383 1812 tontum
396 1776 518 1827 quaersm,
531 1759 658 1811 meritone
669 1759 719 1810 tibi
732 1759 767 1811 sit

107 1827 157 1880 Sus
176 1832 265 1880 ectum
276 1845 359 1896 genus
371 1829 422 1880 hoo
435 1827 571 1880 scribendi
606 1827 710 1880 Sulcius
723 1844 783 1880 scer

107 1845 236 1949 Ambulnt
247 1903 274 1950 et
287 1897 403 1966 Caprius,
416 1897 488 1949 rauci
499 1896 569 1949 male
581 1913 691 1964 cumque
703 1895 807 1960 libellis,

106 1965 222 2035 Magnus
234 1971 344 2034 uterque
356 1966 435 2018 timor
445 1965 614 2029 latronibus3,
624 1972 653 2017 st
665 1965 731 2016 bene
743 1965 765 2016 si
777 1966 839 2034 quis
921 1973 922 2030 j

106 2033 228 2088 Etrivat
239 2035 312 2104 puris
323 2035 452 2100 menibus,
465 2039 617 2088 contemnet
629 2040 778 2102 utrumque.
921 2031 922 2122 l

107 2103 145 2156 Ut
157 2105 192 2156 sis
204 2109 235 2156 tu
247 2103 339 2156 similis
352 2104 415 2156 Gaeli
427 2102 496 2156 Birri
514 2121 547 2156 ue
559 2103 699 2168 latronum,

106 2171 167 2224 Non
179 2189 227 2240 ego
239 2189 297 2226 sum
310 2173 388 2241 Capri
399 2190 418 2225 n
450 2190 484 2225 ue
496 2121 581 2226 dulci:
600 2188 647 2223 cur
658 2177 761 2224 metuas
773 2171 835 2224 mei
867 2173 899 2226 70
920 2233 921 2236 Ἴ

106 2239 189 2292 Nulla
200 2239 309 2293 taberna
320 2259 391 2294 meos
402 2242 437 2294 111
486 2247 498 2293 t
509 2258 594 2308 neque
606 2240 661 2308 pils
672 2239 781 2306 libellos,

107 2308 174 2369 Quis
185 2324 279 2359 monus
291 2309 397 2362 insudet
409 2309 483 2377 vulgi
496 2308 719 2376 Hermogenisque
732 2309 844 2375 Tigelli:

106 2373 163 2424 Nec
173 2374 255 2424 recito
267 2376 391 2441 cuiquem
402 2378 454 2429 nisi
466 2378 564 2445 amicis,
575 2379 656 2445 idque
667 2381 781 2444 coactus,

106 2443 169 2494 Non
179 2442 266 2494 ubivis
277 2461 396 2500 coramve
408 2448 575 2516 quibuslibet.
611 2451 626 2478 “
634 2449 667 2501 ln
678 2449 764 2502 medio
776 2450 826 2519 qui

108 2508 213 2575 Scripta
223 2509 280 2560 foro
291 2513 408 2590 recitent,
421 2523 484 2568 sunt
494 2517 573 2569 multi
586 2519 684 2587 quique
695 2519 826 2572 levantes.

108 2573 195 2628 811111
205 2574 278 2627 locus
290 2593 347 2628 vocs
359 2588 462 2634 resonat
474 2585 633 2638 conclusus'’
670 2587 768 2641 Insues
