1878 2874
285 61 589 117 HORA'MANORUM.
804 69 862 122 xvii

43 191 90 241 IX.
107 193 233 242 Mutuum
244 195 396 254 Ancslcuu,
406 196 596 261 τετράστροφονε

51 320 66 356 ῦ
79 315 94 354 ί
108 337 124 358 υ
139 343 154 354 -
168 321 193 414 17,
208 344 223 355 -
236 339 251 360 ν
265 338 280 359 ν
295 314 309 356 4
322 339 338 360 ν
348 337 366 362 ²
422 327 482 390 (bis)
496 329 610 378 Alcaieus
621 331 845 395 hendecasyllabus.

221 481 228 503 ¹
283 552 293 581 5
306 503 322 525 ν
401 490 492 540 Dimet.
504 492 576 542 iamb.
588 495 734 558 hypercatal.

324 641 332 665 ,
411 602 526 665 Logaoed.
537 604 604 665 dupl.
617 604 704 666 dactyl.
716 603 806 666 duplic.

125 672 166 742 ‚'
225 671 264 738 ‚⁸
293 671 332 739 ,⁸
541 669 688 715 trooh.aeat.

42 765 126 813 Carm.
139 765 156 812 1.
168 767 191 814 9.
205 767 243 812 16.
256 764 292 816 17.
305 767 342 814 26.
355 764 393 815 27.
405 767 444 813 29.
457 767 494 812 31.
507 767 545 812 34.
557 767 595 811 35.
608 765 652 819 37;
670 764 695 810 ii.
710 765 729 811 l.
742 767 763 812 3.
773 767 795 811 5.
808 763 830 815 7.
840 765 865 812 9.

21 841 366 898 .1.13.14.15.17.19.20;
383 843 417 890 111.
429 844 449 889 l.
460 844 483 888 2.
493 844 515 888 3.
525 844 547 888 4.
558 844 579 889 5.
590 843 612 890 6.
624 841 660 891 17.
671 844 757 888 2123.
768 843 804 889 26.
815 843 862 900 293

21 935 37 969 1.
49 925 72 970 4.
86 924 110 970 9.
127 924 218 970 1415.
253 922 367 970 Aleaicus
385 922 601 984 hendecasyllabus
618 922 763 983 compositus
781 927 816 968 est
834 934 864 966 ex

21 1009 164 1050 nonometro
175 1002 280 1050 iambico
290 1003 506 1065 hypercatalectico
517 1010 540 1049 et
551 1018 622 1049 versu
637 1002 771 1062 logaoedico
783 999 862 1061 simpl.

22 1083 98 1144 aetyl.
118 1083 212 1144 duplic.
229 1083 304 1130 troeh.
322 1084 473 1139 catalectum
492 1083 522 1130 ed
544 1099 618 1145 quam
639 1097 723 1130 versus
741 1080 860 1143 composi·

21 1177 99 1209 ,onem
116 1162 205 1210 tertius
225 1169 249 1210 et
268 1171 367 1225 quartus
381 1180 465 1212 versus
487 1165 581 1225 egregie
596 1163 771 1210 accommodati
791 1168 861 1217 sunt:

21 1243 99 1289 tenim
120 1259 171 1304 qua
188 1243 280 1290 ratione
298 1243 392 1291 Aleaiei
408 1245 473 1306 prior
491 1259 547 1306 pars
565 1243 669 1290 iambica
687 1257 743 1288 oum
761 1242 862 1289 dimetro

21 1324 142 1381 rochaioo,
159 1323 245 1370 eadem
263 1323 337 1370 altera
353 1323 447 1371 Aloaioi
462 1340 518 1386 pers
534 1339 591 1370 eum
607 1322 742 1383 logaoedieo
760 1322 861 1382 conjun-

21 1403 82 1461 itur,
94 1405 132 1450 its
142 1409 172 1450 ut
183 1402 278 1450 Alcaici
293 1409 372 1465 partes
386 1405 483 1451 iteratas
495 1411 518 1450 et
529 1410 611 1450 auctas
623 1403 648 1449 in
659 1402 759 1464 reliquis
773 1402 861 1450 habea·

21 1482 230 1532 tuse-Alcaieus
247 1498 300 1530 raro
315 1484 401 1544 incipit
415 1485 443 1531 ab
459 1484 546 1540 iambo,
558 1482 681 1544 gravitatis
697 1499 783 1538 canss3
801 1483 861 1530 diae·

21 1565 64 1612 esis
78 1570 138 1611 ante
147 1563 259 1610 ordinem
267 1563 430 1624 logaoedieum
439 1564 568 1625 quinquies
577 1564 688 1625 neglecta
699 1570 740 1619 est,
748 1563 764 1609 i.
775 1563 813 1620 16,
820 1564 861 1615 213

32 1643 76 1700 37,
91 1645 123 1698 53
141 1641 209 1698 137,
224 1644 266 1698 14,
284 1643 309 1690 ii.
324 1642 360 1700 17,
374 1645 420 1699 21;
438 1645 469 1690 iv.
483 1646 520 1701 14,
535 1645 579 1698 17;
598 1645 639 1690 sed
651 1645 689 1690 bis
703 1645 730 1690 in
745 1642 862 1690 vocabulo

21 1739 62 1772 um
75 1721 252 1785 praepositione
264 1723 401 1783 conjuncto.
434 1723 529 1770 Deinde
539 1723 619 1770 hiatus
630 1724 656 1769 in
666 1723 761 1770 diaeresi
771 1722 860 1769 admis-

21 1817 46 1850 us
65 1808 107 1849 est
125 1802 152 1848 ii.
167 1803 205 1858 20,
220 1803 255 1858 13,
268 1808 292 1848 et
308 1802 403 1863 syllaba
417 1803 494 1850 brevis
508 1804 542 1850 iii.
555 1806 577 1862 5,
592 1805 628 1854 17.
662 1804 744 1850 Etiam
761 1803 862 1850 dimeter

21 1883 131 1931 nubieus
143 1896 193 1942 quo
204 1882 298 1942 gravior
309 1882 351 1929 fiat
363 1899 376 1929 a
392 1885 494 1946 spondeo
507 1885 567 1931 solet
579 1883 697 1945 incipere;
715 1881 862 1944 hypermetri

21 1969 66 2010 unt
78 1962 106 2009 ii.
116 1963 141 2020 3,
155 1959 200 2016 27;
218 1960 251 2008 111.
265 1962 303 2020 29,
315 1963 355 2009 35.

390 2106 486 2122 -A

35 2197 142 2251 Restat,
155 2201 182 2244 ut
194 2194 223 2242 de
233 2195 287 2258 iege
298 2197 402 2259 quadam
413 2212 564 2253 moneamus,
577 2211 649 2258 quem
662 2199 691 2246 ab
703 2199 805 2248 Horatio
817 2201 861 2249 ob·

21 2283 133 2326 ervatam
146 2289 198 2322 esse
209 2275 358 2324 Meineoeius
369 2276 462 2340 primus
473 2276 648 2325 animadvertit.
683 2279 750 2326 Nam
762 2297 789 2327 ea
800 2295 859 2343 quo·

21 2373 49 2404 ue
73 2347 194 2412 cuimine,
207 2371 309 2417 quorum
320 2364 398 2404 metra
415 2362 457 2404 aut
468 2357 571 2404 eundem
582 2371 678 2404 versum
696 2365 808 2419 perpetuo
820 2373 860 2404 or-

21 2439 62 2486 ine
83 2441 199 2498 repetunt
217 2435 291 2497 (κατὰ
310 2436 409 2498 στίχον)
430 2443 473 2483 aut
489 2435 606 2496 δίστροφα
622 2443 685 2490 sunt,
703 2437 737 2480 ita
756 2433 861 2478 instituit

21 2517 140 2575 forentius,
153 2521 182 2562 ut
192 2530 306 2564 versuum
317 2531 434 2563 numerus
443 2521 614 2576 quaternorum
626 2525 739 2557 versuum
751 2507 859 2564 strophas

33 2605 106 2642 11011.
436 2603 451 2635 Β
