1858 2874
267 125 464 178 CARMINUM
484 126 504 178 I.
527 125 603 178 5-7.
811 126 830 178 9

114 229 223 298 Nigrum
235 229 390 283 Merionen?
407 235 456 284 eut
468 248 516 300 ope
528 232 645 286 Palladis

178 300 299 367 Tydiden
311 299 416 368 Superis
427 300 536 368 peremi

113 365 163 419 Nos
175 369 303 435 convivis,
315 385 362 420 nos
373 369 467 437 proelis
478 370 613 436 virginum

113 435 192 489 Sectis
204 437 234 488 in
242 439 355 504 juvenes
365 437 501 505 unguibus
512 439 613 491 serium

112 504 252 558 Cantemus
264 506 342 558 vacui
354 506 408 558 sive
421 507 484 574 quid
496 507 605 574 urimur,

175 575 237 628 Non
248 580 346 643 praeter
357 573 464 628 solitum
476 575 553 628 leves.
793 581 828 630 20

110 726 256 780 GARMEN
274 727 410 780 VIL—sn
422 742 446 780 n
458 741 613 780 nunninus
626 741 763 781 sumens.

56 838 211 898 bsmsrunr
224 844 272 898 elii
283 846 382 898 clarem
394 844 506 897 Rhodon
518 848 567 897 sut
578 842 733 913 Mytilenen,

110 915 161 966 Aut
172 914 296 982 Epheson
307 913 447 966 bimarisve
460 913 579 966 Corinthi

56 976 145 1050 Mens,
156 982 199 1035 vel
210 983 316 1036 Baccho
327 982 429 1035 Thebes
441 981 484 1035 vel
496 981 618 1050 Apolline
629 981 746 1052 Delphos

155 1052 161 1063 '
200 1069 228 1104 es
240 1057 288 1104 eut
301 1051 425 1104 Thessalis
436 1052 541 1119 Tempe.

56 1113 116 1186 tunt,
127 1121 171 1188 qui
188 1137 221 1172 us
232 1137 318 1172 unum
330 1137 395 1188 opus
407 1125 447 1172 est
458 1119 566 1172 intactae
578 1118 694 1173 Palladis
706 1119 815 1174 urbemn

110 1187 229 1242 Carmine
240 1194 368 1257 perpetuo
381 1189 517 1251 celebrare,
531 1191 559 1240 et

54 1251 177 1324 Undique¹²
189 1259 341 1326 decerptam
352 1258 434 1309 fronti
445 1275 595 1326 praeponere
607 1257 711 1310 olivum.

109 1325 241 1378 Plurimus
253 1326 282 1378 in
294 1327 314 1378 J
313 1326 408 1378 unonis
420 1326 545 1379 honorem

53 1389 139 1462 Aptum
150 1396 221 1448 dicet
233 1395 307 1463 equis
320 1394 403 1462 Argos
415 1395 534 1463 ditesque
545 1393 678 1462 Mycenes.

108 1463 151 1516 Me
162 1465 395 1533 nectampetiens
407 1463 577 1515 Lscedaemon
791 1466 825 1518 10

51 1526 96 1584 Nee
106 1537 159 1585 tam
170 1533 280 1586 Imrissae
292 1533 420 1602 percussit
432 1549 539 1600 campus
552 1531 652 1600 opimae,

108 1602 192 1666 Quem
203 1603 296 1654 domus
308 1599 435 1654 Albuneae
447 1602 591 1654 resonantis

50 1664 78 1718 Et
87 1686 198 1751 praeeeps
210 1670 279 1722 Anio
291 1687 321 1723 ee
333 1671 444 1722 Tiburni
454 1668 530 1724 lucus
543 1677 570 1723 et
581 1670 635 1724 ude
744 1723 747 1732 ,

106 1738 250 1792 Mobilibus
261 1740 379 1808 pomerio
390 1740 460 1792 rivis.

49 1805 120 1860 Albus
130 1814 162 1860 ut
174 1809 283 1861 obscuro
294 1810 413 1876 deterget
425 1809 517 1860 nubile
529 1808 593 1862 coeio

105 1876 179 1946 Saepe
192 1878 277 1930 Notus
289 1895 375 1945 neque
387 1878 502 1946 parturit
514 1878 609 1931 imbres

48 1940 186 2014 Perpetuos,
199 1947 236 1998 sie
248 1952 279 1999 tu
292 1947 394 2015 sepiens
406 1947 481 1999 finire
492 1952 624 2000 memento

104 2015 250 2068 Tristitism
262 2016 376 2084 vitaeque
388 2015 488 2068 labores

48 2078 119 2150 Molli,
132 2084 238 2152 Plsnee,
250 2103 329 2152 mero,
341 2103 388 2137 seu
399 2091 426 2138 te
438 2085 570 2153 fulgentis
582 2083 663 2152 signis

104 2153 196 2206 Castra
207 2159 300 2206 tenent
311 2171 358 2208 seu
370 2155 451 2206 dense
462 2153 563 2206 tenebit
787 2153 820 2203 20

47 2215 137 2274 tiburis
148 2222 243 2275 umbra
255 2223 303 2276 tui.
338 2224 438 2276 Teucer
449 2222 582 2276 Salamine
593 2225 747 2292 putremque

104 2291 192 2355 Quum
203 2293 315 2358 fugeret,
327 2297 417 2344 tamen
429 2293 482 2344 uda
493 2292 571 2358 Lyaeo

47 2353 161 2427 Tempore
171 2361 286 2428 popules
297 2361 382 2413 fertur
393 2361 508 2413 vinxisse
520 2375 621 2426 corona,

103 2427 145 2481 sic
157 2428 247 2481 tristes
259 2429 355 2481 effetus
367 2428 476 2482 emices:

46 2491 112 2560 “Quo
123 2514 171 2550 nos
183 2515 287 2566 cunque
299 2498 365 2550 feret
377 2498 468 2548 melior
478 2499 585 2549 fortune
596 2499 704 2562 parents

102 2565 212 2634 Ibimus,
224 2583 240 2619 0
252 2565 315 2619 socii
326 2565 498 2631 comitesque!

203 2678 214 2706 ¹
227 2686 285 2714 sress
309 2684 378 2712 sresm
531 2665 541 2690 ¹
556 2665 648 2711 ῐῑᾶθῆῑ·
