1858 2874
228 393 265 456 Q.
296 393 502 450 HORATII
530 393 701 451 FLAOOI

143 595 783 690 CARMINUM

303 809 431 864 LIBER
455 811 622 867 PRIMUS.

386 962 532 979 m

229 1041 379 1096 cARMnn
398 1042 493 1096 I.-sn
506 1059 693 1102 nnonnnnux.

133 1143 276 1198 Mnonnss
289 1143 374 1196 amus
386 1143 457 1196 edite
468 1144 581 1213 regibus,

134 1213 156 1266 0
168 1219 196 1266 et
208 1211 361 1282 praesidium
373 1217 400 1264 et
412 1213 490 1265 dulce
502 1214 582 1265 decus
594 1231 696 1268 meum:

133 1281 202 1336 Sunt
213 1298 278 1350 quos
290 1281 421 1334 curriculo
433 1282 568 1350 pulverem
581 1282 748 1352 Olympicum

133 1351 272 1419 collegisse
280 1351 368 1418 juvat,
380 1354 502 1418 metaque
513 1349 621 1403 fervidis

132 1420 242 1474 Evitata
253 1419 317 1472 rotis
329 1419 470 1487 palmaque
481 1418 577 1472 nobilis

131 1490 272 1544 'lerinum
283 1487 401 1540 dominos
413 1487 502 1541 evehit
514 1487 549 1542 ad
560 1489 644 1553 Dcos;

131 1559 221 1627 Hunc,
233 1559 256 1610 si
267 1557 404 1610 mobilium
416 1557 495 1610 turba
507 1557 652 1621 Quiritium

131 1629 222 1682 (lentat
233 1626 385 1694 tergeminis
396 1627 488 1679 tollere
499 1627 656 1692 honoribus;

130 1697 221 1764 Illum,
234 1696 257 1748 si
267 1695 371 1765 proprio
384 1695 502 1747 condidit
513 1695 612 1763 horreo,

130 1765 267 1834 Quidquid
278 1765 311 1817 de
323 1763 427 1832 Libycis
439 1763 553 1817 verritur
564 1765 639 1818 areis.
815 1768 850 1819 10

130 1835 297 1890 Gaudentem
309 1833 407 1902 patrios
418 1831 518 1885 findere
530 1833 632 1886 mondo

128 1904 214 1973 Agros
227 1902 350 1955 Attalicis
362 1899 555 1954 conditionibus

128 1972 275 2041 Nunquam
287 1971 426 2036 dimoveas,
438 1974 471 2021 ut
482 1968 557 2022 nabe
570 1969 666 2038 Cypria

127 2041 265 2110 Myrtoum
276 2039 388 2108 pavidus
400 2043 484 2090 nauta
496 2043 565 2090 secet
576 2056 655 2093 mare.

127 2110 287 2164 Luctantem
299 2108 390 2161 Icariis
401 2107 526 2160 fluctibus
538 2107 660 2161 Africum

126 2179 260 2232 Mercator
270 2183 391 2230 metuens
403 2177 487 2229 otium
499 2181 527 2228 et
538 2177 629 2246 oppidi

126 2247 232 2302 Isaudat
243 2264 305 2299 nna
317 2246 372 2309 sui;
389 2263 452 2298 mox
463 2244 547 2297 reficit
558 2253 628 2299 retes

126 2317 241 2382 Quessas
251 2315 373 2367 indocilis
384 2314 537 2383 pauperiem
548 2316 612 2383 pati.

124 2386 175 2440 Est
188 2385 235 2454 qui
246 2400 295 2436 nec
307 2384 403 2439 veteris
414 2383 509 2451 pocula
520 2383 628 2437 Massici

123 2455 182 2508 Nec
193 2458 297 2522 pentem
309 2452 390 2504 solido
402 2452 505 2504 demere
517 2452 550 2504 de
562 2453 605 2504 die
811 2453 848 2504 20

124 2521 240 2592 Spernit,
251 2537 324 2573 nunc
335 2521 415 2574 viridi
425 2521 542 2572 membra
554 2519 602 2571 sub
614 2518 708 2572 unbuto

124 2592 238 2656 Susum,
249 2605 321 2641 nunc
333 2590 368 2641 ad
379 2605 454 2657 aquae
466 2589 525 2641 lene
537 2593 619 2654 ceput
631 2600 718 2638 sacrae.
