1908 2886
3 445 9 601 l

239 100 492 157 EPISTOLARUM
511 99 533 152 1.
551 103 575 164 5,
594 99 617 152 6.
773 101 822 150 197

5 245 6 254 η
42 209 61 262 Si
73 213 155 264 virtus
166 212 217 264 hoc
229 230 283 265 una
296 219 381 282 potest
393 212 463 278 dare,
474 211 550 264 fortis
562 209 663 263 omissis
789 210 824 260 30

42 279 90 332 lloc
101 299 150 349 age
163 282 270 335 deliciis.
307 282 440 334 Virtutem
452 281 531 335 verba
543 288 621 349 putas
633 286 661 331 et

42 347 134 402 lucum
146 351 234 417 ligna:
254 369 317 404 cave
329 369 363 403 ne
375 358 465 421 portus
478 355 587 419 occupet
599 349 674 414 alter,

43 417 75 470 lle
88 420 243 488 Cibyratica,
256 437 289 473 ne
302 421 422 488 Bithyna
433 420 540 488 negotia
552 419 661 487 perdas;

43 486 110 541 llille
120 489 223 542 talenta
235 489 417 556 retundentur,
428 489 539 541 totidem
551 489 641 554 altera,
654 503 728 556 porro
741 490 768 538 et

42 556 121 610 lertia
132 558 274 611 succedant
286 565 312 610 et
324 575 382 628 quae
395 575 456 627 pars
468 559 580 626 quadrat
592 572 728 610 acervum:

42 625 138 680 Scilicet
149 645 259 680 uxorem
271 645 332 680 cum
344 629 405 680 dote
416 628 546 696 fidemque
558 632 585 679 et
597 627 693 678 amicos

42 694 72 747 llt
100 713 164 748 enus
177 702 204 749 et
215 697 327 749 formam
339 698 430 765 regina
442 697 552 765 pecunia
565 696 652 760 donat,

42 713 150 818 scisne
161 775 329 819 nummatum
342 767 447 819 decorat
459 765 573 818 Suadela
586 765 733 832 Venusque.

42 832 175 904 llancipiis
186 835 302 904 locuples
315 842 375 902 eget
387 836 445 887 oeris
458 835 640 902 Cappadocum
651 850 711 884 rex:

42 901 76 955 Ne
86 903 167 956 fueris
179 903 223 957 hic
235 911 273 958 tu.
309 905 465 972 chlamydes
478 904 611 964 Lucullus,
626 909 655 955 ut
666 902 750 968 aiunt,
788 904 823 954 40

42 968 161 1038 Siposset
172 977 280 1024 centum
292 990 373 1025 scenae
383 975 496 1042 praebere
507 984 620 1039 rogatuS,
707 970 818 1041 [habebo

43 1039 54 1064 “
61 1039 112 1103 Qui
126 1057 233 1108 possum
248 1048 289 1095 tot
298 1041 325 1094 l”
342 1043 399 1105 ait;
416 1045 430 1069 “
440 1048 529 1094 tamen
545 1048 572 1093 et
588 1058 704 1110 quaeram
715 1045 742 1092 et
754 1047 819 1108 quot

43 1105 143 1161 Mittam
152 1108 175 1160 :”
193 1117 252 1178 post
264 1110 353 1180 paullo
365 1111 455 1164 scribit
467 1111 516 1163 sibi
527 1111 611 1162 millia
623 1111 738 1180 quinque

42 1177 99 1231 Esse
110 1179 181 1232 domi
193 1179 362 1247 chlamydum
368 1199 376 1243 ;
393 1185 495 1248 partem
506 1179 548 1231 vel
560 1178 664 1231 tolleret
676 1193 770 1230 omnes.

42 1246 120 1300 Erilis
131 1248 223 1301 domus
235 1254 280 1314 est,
292 1248 339 1301 ubi
350 1266 403 1302 non
415 1255 442 1301 et
452 1247 538 1300 multa
550 1255 690 1315 supersunt

42 1315 73 1369 Et
84 1317 219 1370 dominum
230 1318 328 1370 fallunt
340 1325 367 1370 et
379 1323 488 1387 prosunt
498 1315 607 1369 furibus.
643 1316 719 1385 Ergo,

42 1385 66 1438 si
76 1404 116 1438 res
128 1387 183 1439 sola
194 1394 280 1455 potest
291 1387 376 1440 facere
388 1392 415 1439 ct
427 1404 528 1439 servare
539 1385 653 1452 beatum,

43 1454 95 1508 Hoc
107 1456 208 1524 primus
220 1465 321 1526 repetas
333 1474 404 1526 opus,
417 1456 465 1508 hoc
477 1462 622 1525 postremus
635 1455 747 1508 omittas.

1 1525 2 1528 ’
42 1523 242 1577 sisenandum
254 1526 351 1594 species
364 1533 390 1578 et
402 1526 488 1592 gratia
499 1529 616 1593 praestat,

43 1592 186 1647 Mercemur
197 1611 307 1662 servum,
320 1595 366 1663 qui
378 1595 459 1647 dictet
471 1593 584 1660 nomina,
596 1593 692 1645 laevum
788 1595 823 1644 50

43 1661 90 1726 Qui
101 1663 200 1716 fodicet
211 1663 288 1730 latus,
294 1668 320 1716 et
332 1671 409 1732 cogat
421 1671 493 1716 trans
505 1663 621 1780 qondcra
633 1662 753 1715 dextram

1 1735 2 1782 l
43 1727 111 1782 Porri
130 1748 181 1784 ere.
216 1730 511 1783 “llicmultuminFa
529 1729 821 1796 iavalet,illeVelina;

1 1859 2 1862 Ἴ
43 1797 117 1852 Ouili
150 1799 218 1853 thie
229 1800 312 1853 fasces
324 1800 398 1852 dabit
410 1799 554 1892 eripietque
567 1799 656 1850 curule

1 1875 2 1886 ¹
43 1868 90 1920 Cui
102 1869 175 1922 solet
187 1870 353 1937 importunus
366 1869 436 1922 ebur.
489 1868 588 1932 Frater,
601 1866 685 1931 Pater,
697 1865 784 1930 adde;

43 1935 75 1990 llt
87 1937 181 2006 cuique
193 1944 233 1990 est
244 1943 315 2005 setas,
328 1938 366 1990 ita
378 1953 505 2005 quemque
517 1936 617 1988 facetus
629 1934 732 2002 adopta.

43 2005 74 2073 ui,
85 2007 153 2060 bene
165 2007 211 2074 qui
223 2013 316 2073 coenat,
328 2007 393 2058 bene
405 2006 479 2072 vivit,
491 2005 568 2069 lucet,
581 2019 670 2055 eamus

44 2074 96 2138 Quo
108 2075 184 2128 ducit
196 2075 272 2143 gula;
290 2076 427 2144 piscamur,
438 2090 570 2139 venemur,
581 2079 613 2124 ut
625 2071 688 2124 olim

45 2144 178 2214 Gargilius,
191 2145 237 2213 qui
248 2162 325 2196 mane
337 2144 434 2213 plagas,
446 2142 582 2208 venabula,
595 2157 680 2193 servos

44 2211 182 2266 Differtum
193 2214 304 2266 transire
315 2214 401 2266 iorum
413 2211 590 2281 populumque
598 2208 715 2280 jubebat,

45 2281 116 2334 Unus
128 2289 160 2335 ut
172 2300 186 2335 e
198 2282 289 2335 multis
301 2282 397 2351 populo
409 2286 544 2402 spectante
555 2280 662 2332 referret
794 2284 827 2335 60

45 2349 169 2420 llrnptum
179 2351 268 2404 mulus
280 2369 380 2420 aprum.
450 2350 494 2402 udi
505 2349 652 2416 tumidique
663 2348 789 2420 lavemur,

46 2419 110 2482 Quid
123 2420 221 2487 deceat,
235 2421 298 2490 quid
310 2437 370 2488 non,
382 2418 463 2486 obliti,
476 2419 568 2471 (laerite
579 2435 638 2471 cera

46 2487 131 2557 Digni,
143 2490 283 2557 remigium
294 2490 417 2542 vitiosum
430 2489 575 2541 ithacensis
587 2488 684 2558 Ulixei,

47 2558 92 2611 uui
104 2560 191 2628 potior
203 2559 289 2628 patria
300 2559 353 2611 iuit
364 2557 505 2611 interdicta
516 2559 645 2627 voluptas.

48 2625 81 2696 Si,
92 2628 267 2682 Mimnermus
279 2627 320 2680 uti
332 2633 426 2694 censet,
439 2627 494 2680 sine
506 2645 592 2681 amore
600 2627 717 2695 jocisque
