1908 2886
125 108 177 160 236
445 98 599 154 nondun

124 207 263 276 Signatum
276 210 403 277 presente
415 213 478 260 nota
489 205 631 276 producere
643 221 744 260 nomen.

126 278 163 330 Ut
175 277 247 331 silvie
259 277 329 330 toliis
340 293 434 345 pronos
445 276 725 341 mutanturinannos‚
883 279 918 328 60

125 346 215 400 Prima
226 347 339 410 csdunt;
356 347 396 399 ita
407 345 546 398 verborum
557 351 633 400 vetus
645 345 737 398 interit
749 348 822 412 setas,

125 415 161 469 Et
169 419 299 484 juvenum
310 417 363 468 ritu
376 416 469 468 florent
481 416 557 468 modo
568 421 633 467 nata
644 415 793 482 vigentque.

125 485 257 538 Debemur
268 485 346 538 morti
359 501 405 537 nos
417 491 557 552 nostraque
564 504 571 548 ;
590 485 644 536 sive
655 488 776 552 receptus

126 555 206 608 Terra
216 555 357 623 Neptunus
369 555 462 606 classes
474 553 639 622 aquilonibus
651 559 729 620 arcet,

128 625 206 692 Regis
218 641 290 693 opus,
303 625 431 678 sterilisve
443 624 489 675 diu
499 623 574 692 palus
587 629 701 691 aptaque
711 621 790 674 remis

127 693 235 747 Vicinus
246 693 323 746 urbes
334 694 383 746 alit
394 700 422 746 et
434 709 513 760 grave
525 693 606 744 sentit
618 697 741 758 aratrum,

127 763 180 818 Seu
191 780 297 816 cursum
308 764 423 817 mutavit
434 763 554 831 iniquum
566 761 685 829 frugibus
697 760 782 812 amnis

127 833 227 886 Doctus
239 833 289 885 iter
300 833 400 899 melius,
413 832 534 884 mortalia
546 831 618 884 iacta
629 830 760 898 peribunt,

127 903 232 957 Nedum
244 919 391 955 sermonum
403 907 455 954 stet
467 902 547 954 honos
560 906 587 953 et
599 899 685 968 gratia
696 900 784 953 vivax.

128 972 217 1025 Multa
228 978 403 1038 renascentur,
416 987 473 1040 quse
482 973 539 1038 jem
551 971 673 1036 cecidere,
686 969 834 1038 cadentque
883 969 919 1020 to

129 1043 191 1106 Qua
203 1058 274 1094 nunc
287 1047 349 1092 sunt
361 1041 389 1092 in
401 1040 498 1092 honore
510 1039 643 1105 vocabule,
656 1040 678 1090 si
690 1039 761 1091 volet
774 1055 843 1102 usus,

129 1112 213 1175 Quem
225 1127 303 1178 penes
314 1109 453 1163 arbitrium
465 1116 504 1162 est
516 1116 543 1161 et
551 1111 596 1176 jus
608 1114 635 1160 et
647 1125 738 1160 norma
749 1108 888 1176 loquendi.

130 1181 181 1234 Res
192 1187 273 1249 gestae
284 1197 426 1248 regumque
439 1179 589 1246 ducumque
602 1184 628 1230 et
641 1179 728 1230 tristis
739 1177 810 1230 belle

130 1251 187 1314 Quo
200 1248 276 1302 scribi
288 1255 393 1317 possent
404 1266 519 1315 numero,
531 1247 688 1300 monstravit
700 1247 838 1300 Homerus.

131 1319 254 1372 Versibus
266 1319 401 1386 impariter
409 1319 511 1387 junctis
522 1317 685 1387 querimonia
697 1317 821 1386 primum,

130 1388 194 1442 Post
206 1389 286 1441 etiam
297 1388 400 1441 inclusa
411 1394 451 1440 est
463 1389 518 1442 voti
530 1387 661 1439 sententia
673 1403 785 1454 compos

131 1458 196 1523 Quis
207 1464 297 1510 tamen
308 1458 418 1525 exiguos
429 1457 514 1525 elegos
526 1456 641 1509 emiserit
653 1461 751 1522 auctor,

131 1527 302 1581 Grammatici
313 1533 416 1580 certant
429 1533 456 1579 et
468 1527 555 1579 adhuc
567 1525 615 1578 sub
623 1525 714 1594 judice
725 1525 759 1577 lis
771 1529 818 1579 est.

131 1597 318 1650 Archilochum
330 1597 433 1665 proprio
445 1595 530 1648 rabies
541 1596 654 1648 armavit
667 1595 770 1659 iambo;

132 1667 211 1720 Hunc
224 1666 291 1718 socci
303 1682 393 1734 cepere
405 1666 498 1734 pedem
509 1665 671 1733 grandesque
683 1663 814 1732 cothmni,
886 1665 920 1714 80

132 1736 249 1790 Alternis
261 1741 353 1804 aptum
366 1735 526 1787 sermonibus
538 1742 565 1787 et
577 1735 715 1856 populares

133 1806 287 1859 Vincentem
301 1805 426 1872 strepitus
439 1810 465 1857 ct
477 1811 571 1858 netum
582 1821 610 1857 re

133 1875 212 1929 Musa
223 1875 296 1927 dedit
308 1873 403 1926 fidibus
416 1873 488 1927 divos
501 1891 645 1943 puerosque
657 1874 778 1938 Deorum,

133 1946 169 2000 Et
181 1944 298 2015 pugilem
310 1943 435 1996 victorem
447 1950 474 1995 et
486 1961 583 2013 equum
595 1943 737 1995 certamine
749 1942 867 2010 primum

134 2016 171 2068 Et
179 2018 307 2085 juvenum
320 2030 394 2066 ouras
407 2019 434 2066 et
446 2013 528 2066 libera
540 2013 602 2066 vina
613 2013 716 2064 referre.

134 2085 285 2154 Descriptus
298 2100 399 2136 servare
411 2083 480 2135 vices
493 2099 651 2151 operumque
664 2081 759 2133 colores

136 2155 189 2208 Gur
200 2171 248 2223 ego
260 2155 282 2206 si
294 2170 394 2222 nequeo
405 2153 547 2222 ignoroque
559 2155 637 2221 potita
650 2149 764 2204 salutorl

136 2226 189 2278 Gur
200 2226 298 2278 nescire
310 2226 411 2295 pudens
423 2240 502 2292 prave
514 2239 595 2290 quam
607 2221 704 2274 discere
716 2217 804 2272 maloi

137 2293 261 2348 Versibus
273 2295 369 2364 exponi
381 2293 488 2361 tragicis
499 2310 540 2344 res
552 2292 651 2344 comica
662 2306 715 2341 non
726 2288 802 2352 vult;

137 2365 297 2432 Indignatur
308 2366 372 2417 item
384 2363 493 2432 privatis
506 2379 536 2415 ac
548 2378 627 2430 prope
640 2375 712 2412 socco
889 2359 923 2408 90

137 2434 232 2502 Dignis
244 2434 402 2486 carminibus
414 2432 514 2486 camari
523 2447 597 2484 coena
608 2430 736 2496 Thyesta.

138 2501 250 2568 Singula
261 2518 370 2568 quaeque
382 2504 468 2554 locum
480 2506 588 2552 teneant
600 2499 692 2551 sortita
704 2497 835 2551 decenter.

140 2569 278 2621 Interdum
290 2575 377 2620 tamen
391 2575 418 2621 et
430 2587 519 2621 vocem
531 2569 657 2620 comoedia
669 2567 747 2634 tollit,

140 2637 280 2704 Iratusque
291 2636 411 2688 Chremes
424 2638 525 2690 tumido
536 2637 659 2707 delitigat
671 2653 714 2690 ore
720 2655 728 2702 ς

630 1821 659 1856 us
671 1803 787 1871 agendis.
