1866 2874
269 119 480 173 ssulunuuu
500 117 522 168 l.
543 122 565 169 1.
768 115 816 168 127

35 222 130 277 Plenior
141 228 173 277 nt
185 225 285 294 siquos
298 225 411 278 delectet
423 225 499 294 copia
507 228 588 294 justo,

35 293 92 345 Cum
103 295 161 362 ripa
173 295 254 346 simul
265 295 370 346 avulsos
383 295 451 347 feret
464 295 575 346 Aufidus
587 311 653 348 scer.

34 363 66 414 At
77 364 121 430 qui
133 364 233 414 tantuli
246 370 313 430 eget,
327 370 426 430 quanto
439 371 478 415 est
491 381 563 431 opus,
576 365 598 415 is
610 381 695 431 neque
707 363 771 416 limo

34 431 167 484 turbatam
173 433 263 483 haurit
268 449 364 498 uquam
369 449 453 500 neque
459 433 542 484 vitum
548 433 649 484 emittit
655 433 683 483 in
689 434 775 486 undis.
786 436 819 486 60

33 501 65 551 At
76 501 141 552 bons
153 518 214 568 pers
226 501 364 552 hominum
377 501 487 569 decepta
499 502 622 569 cupidine
634 501 708 569 falso,

36 568 336 637 “Nilsntisest‚”inquit;
349 569 819 638 “quiatanti‚qunntumhubess‚sis.'’

35 638 97 700 Quid
108 639 189 691 facias
202 639 259 690 illil
277 640 298 692 J
298 640 379 691 ubens
390 638 514 689 miserum
526 656 588 704 esse,
601 640 714 690 libenter

34 707 163 766 Quatenus
175 708 204 759 id
216 709 281 759 facit
288 727 295 772 ;
314 714 344 760 ut
356 707 464 776 quidem
475 714 637 758 memoretur
650 707 760 759 Athenis

32 774 150 828 Sordidus
161 794 192 828 ao
205 777 285 842 dives,
298 777 390 845 populi
402 790 576 828 comtemnere
588 786 664 828 voces

32 844 69 896 Sic
81 845 188 896 solitus:
207 844 349 910 “Populus
360 861 402 895 me
414 843 503 896 sibilat
515 863 522 908 3
540 852 569 897 et
580 846 647 898 mihi
658 845 757 913 plaudo

32 912 87 979 lpse
99 913 176 978 domi,
189 914 268 963 simul
280 929 311 963 eo
323 929 443 963 nummos
455 913 617 978 contemplor
628 915 657 960 in
669 916 754 962 stow

31 981 152 1034 Tantalus
163 979 272 1032 ulubris
286 981 376 1032 sitiens
388 981 519 1047 fugientio
532 985 622 1047 captat

30 1049 150 1101 Flumine
159 1089 165 1103 .
173 1090 180 1103 .
188 1090 194 1102 .
203 1089 209 1103 .
218 1050 290 1109 Quid
303 1049 387 1101 ridesl
406 1055 509 1100 mutato
521 1049 626 1100 nomine
638 1046 671 1099 de
682 1052 710 1099 te

31 1117 128 1170 Fabula
139 1126 276 1172 nenntur:
295 1119 424 1185 congestis
436 1118 553 1185 undique
565 1117 646 1168 soccis
785 1116 819 1170 70

31 1187 156 1239 indormis
168 1188 275 1238 inhians
287 1194 315 1239 et
327 1195 462 1255 tamquam
474 1203 580 1254 parcere
593 1186 672 1237 sacris

31 1257 130 1324 Cogeris
142 1262 190 1308 aut
203 1257 281 1325 pictis
294 1261 429 1324 tamquam
441 1256 555 1322 gaudere
567 1255 678 1306 tabellis.

28 1324 117 1377 Nescis
129 1343 181 1393 quo
194 1325 282 1377 valeat
294 1325 434 1377 nummus?
453 1341 531 1391 quem
543 1322 659 1392 praebent
671 1321 765 1374 usuml

28 1393 106 1446 Panis
118 1400 228 1460 emetur,
242 1395 305 1460 olus,
319 1395 374 1444 vini
387 1394 523 1458 sextarius,
536 1392 611 1457 adde,

29 1463 94 1523 Quis
107 1464 226 1515 humano
238 1463 287 1514 sibi
299 1463 386 1515 doleat
398 1469 494 1520 natura
505 1462 616 1527 negotis.

28 1533 66 1583 An
79 1533 192 1600 vigilare
205 1540 279 1584 metu
291 1533 446 1596 exanimem,
459 1537 600 1597 noctesque
612 1529 719 1597 diesque

27 1601 179 1654 Formidaro
190 1602 273 1652 melos
285 1601 364 1668 fures,
376 1601 505 1665 incendia,
518 1616 611 1663 servos,

27 1669 62 1722 Ne
74 1679 103 1723 te
117 1671 262 1738 compilent
274 1669 412 1736 fugientes,
425 1669 474 1720 hoo
483 1667 578 1736 juvati
598 1668 701 1720 Horum

26 1738 133 1807 Semper
145 1756 194 1806 ego
206 1739 321 1806 optarim
333 1738 514 1806 pauperrimus
526 1755 580 1788 esse
592 1737 726 1789 bonorum.

26 1811 81 1863 “At
95 1810 119 1862 ni
133 1807 270 1860 condoluit
282 1811 414 1858 tentatum
427 1805 522 1870 frigore
535 1821 635 1871 eorpus,
782 1803 816 1851 80

25 1875 77 1929 Ant
89 1877 163 1929 nlius
176 1892 252 1928 ensus
263 1875 331 1926 lecto
343 1881 370 1925 te
383 1873 484 1938 adfixit,
497 1870 576 1924 hebes
588 1873 633 1938 qui

24 1946 161 2011 Adsideat,
175 1946 292 1996 fomente
304 1949 385 2011 paret,
394 1943 526 1993 medicum
538 1947 619 2008 roget,
633 1945 663 1991 ut
675 1945 702 1992 te

25 2013 142 2067 Suscitet
154 2030 187 2066 ae
199 2013 287 2080 gnatis
299 2011 392 2063 reddat
405 2012 522 2076 carisque
534 2009 687 2076 propinquis
695 2003 724 2061 l’'

24 2081 81 2135 Non
94 2100 168 2135 uxor
180 2082 282 2134 salvum
295 2088 322 2132 te
334 2081 401 2146 vult,
412 2097 465 2131 non
477 2079 562 2140 filius;
580 2095 669 2129 omnes

24 2150 112 2204 Vicini
126 2152 248 2216 oderunt,
261 2150 325 2216 noti,
338 2149 411 2216 pueri
424 2155 502 2215 atque
515 2147 617 2214 puellae.

23 2219 143 2287 Miraris,
157 2237 241 2287 quum
254 2225 285 2270 tu
298 2225 405 2285 urgento
418 2223 476 2284 post
488 2216 576 2268 omnio
588 2231 676 2282 ponas,

22 2288 48 2339 Si
61 2307 144 2341 nemo
157 2295 266 2357 praestet
278 2304 356 2355 quem
368 2303 420 2337 non
433 2285 555 2337 merearis
567 2282 698 2335 amoreml

24 2357 71 2424 An,
85 2359 128 2410 sit
142 2363 276 2424 cognatos,
288 2356 363 2406 nullo
375 2362 473 2406 nature
484 2353 573 2404 labore

23 2426 92 2488 Quos
105 2426 160 2478 tibi
173 2425 228 2491 dut,
240 2425 353 2476 retinere
366 2425 430 2476 velis
443 2437 596 2489 servareque
609 2420 712 2486 amicos,

25 2494 127 2547 infelix
141 2511 249 2562 operam
261 2491 370 2561 perdasl
389 2499 420 2542 ut
433 2492 455 2541 si
467 2491 525 2554 quis
537 2489 648 2538 asellum
785 2487 820 2534 90

24 2563 55 2615 In
67 2565 173 2632 Campo
186 2563 279 2614 doceat
291 2566 427 2629 parentem
439 2571 541 2607 currere
552 2554 640 2604 frenis.

97 2648 201 2689 ¹Annio
229 2648 258 2685 At
267 2645 285 2683 111
314 2644 372 2682 Acri
400 2642 429 2680 Et
438 2641 457 2678 111
485 2638 554 2676 Antei
583 2635 658 2674 Nonri
685 2629 748 2678 Atqui
