1858 2874
76 139 111 185 24.
390 129 543 186 HORATII

143 241 232 293 Cessat
244 240 402 294 voluntari
420 240 480 292 Non
491 239 544 292 alie
555 238 644 290 bibam

143 309 270 363 Mercede.
307 311 371 374 Quae
383 314 410 362 te
423 325 526 377 umque
539 309 628 361 domat
641 306 733 359 Venus

177 378 238 431 Non
250 377 430 432 erubesoendis
442 378 531 432 adurit

213 448 323 517 Ignibus
335 448 501 516 ingenuoque
513 463 567 499 sem

144 517 241 570 Amore
253 534 351 586 peccas.
387 516 522 585 Quidquid
533 515 569 569 ha
587 532 621 582 es,
634 531 690 584 age,

144 585 252 654 Depone
263 587 329 638 tutis
341 585 455 639 auribus.
490 584 534 637 Ah
545 585 630 652 miser,

177 656 284 723 Quanta
294 655 430 709 laborabas
443 653 583 722 Charybdi,

214 724 301 793 Digne
312 741 378 793 puer
389 723 495 777 meliore
506 722 626 777 flamma!
830 721 870 771 20

147 793 211 858 Quas
223 811 293 862 saga,
306 795 404 861 quiete
416 793 514 846 solvere
526 789 656 844 Thessalis

145 861 241 930 Magus
253 863 367 928 venenis,
381 862 440 929 quis
452 860 549 930 poterit
560 859 649 912 Deust

180 931 235 985 Vix
246 931 380 998 illigatum
391 936 419 983 te
430 929 544 983 biformi

216 999 331 1069 Pegasus
343 999 465 1068 expediet
476 998 611 1052 thmaera.

228 1160 377 1218 OARMEN
394 1160 709 1215 xxvia-recursis.

79 1271 178 1328 Nam
196 1272 237 1328 'dn
248 1271 328 1326 maris
342 1275 370 1326 et
381 1275 457 1325 terrae
469 1290 629 1342 numeroque
641 1271 753 1327 oarentis
765 1288 854 1325 arenoe

115 1339 263 1394 Mensorem
274 1341 404 1409 cohibent,
417 1341 541 1410 Archyta,

82 1406 201 1462 Pulveris
213 1409 304 1478 exigui
315 1428 362 1479 pro
381 1429 395 1464 e
406 1411 471 1464 litus
501 1428 564 1464 arva
575 1409 710 1462 Matinum

115 1477 235 1544 Munera,
247 1495 296 1531 nee
308 1428 452 1548 quidquem
464 1429 512 1532 tibi
525 1479 630 1548 prodest

79 1543 173 1599 Aerias
184 1551 298 1600 tentasse
310 1547 399 1600 domos
410 1549 549 1617 animoque
560 1547 704 1601 rotundum

114 1611 275 1667 Pereunisse
286 1615 376 1694 qolum
386 1617 521 1670 morituro.

77 1681 215 1750 Archytas.
240 1681 342 1735 Occidit
354 1687 381 1736 et
393 1682 497 1752 Pelopis
508 1683 612 1752 genitor
625 1681 737 1735 conviva
748 1682 877 1748 Deorum,

113 1749 293 1818 Tithonusque
304 1756 420 1803 remotus
432 1751 460 1803 in
473 1768 548 1804 arnas

33 1829 38 1836 '
78 1817 115 1872 Et
126 1818 147 1871 J
147 1819 202 1872 oris
214 1818 316 1872 uoanis
327 1818 415 1872 Minos
427 1819 556 1873 admissus
568 1818 718 1888 habentque

113 1886 224 1942 Tartara
235 1886 401 1942 Panthoiden
412 1889 510 1942 iterum
522 1889 589 1942 Orco
837 1891 872 1940 10

79 1955 235 2025 Demissum,
248 1958 367 2027 quamvis
379 1958 463 2027 clipeo
476 1959 588 2027 Trojana
599 1957 681 2010 refixo

113 2024 240 2096 'Tempora
251 2031 363 2080 testatus
374 2027 443 2080 nihil
454 2027 526 2080 ultra

78 2092 179 2148 Nervos
190 2100 271 2165 atque
283 2103 371 2149 cutem
382 2096 461 2148 morti
473 2098 635 2149 eoneesserat
646 2099 719 2162 atrae,

112 2163 133 2216 J
134 2163 210 2217 udioe
221 2169 248 2217 te
259 2181 313 2217 non
325 2165 444 2218 sordidus
455 2170 547 2218 auctor

78 2230 188 2287 Naturae
200 2233 255 2286 veri
272 2250 313 2287 ue.
348 2233 400 2288 Sed
412 2251 500 2288 omnes
512 2251 567 2288 una
577 2238 668 2288 manet
680 2249 734 2286 nox

112 2301 149 2354 Et
160 2250 286 2355 calcanda
298 2303 377 2356 semel
389 2304 433 2358 via
444 2304 499 2358 leti.

77 2369 151 2425 Dant
162 2370 227 2423 elios
239 2371 327 2423 Furiae
338 2377 413 2425 torvo
425 2372 575 2442 spectacula
586 2371 668 2426 Marti
678 2389 686 2436 ;

112 2439 202 2492 Exitio
214 2445 255 2492 est
265 2439 374 2491 avidum
384 2457 457 2493 mere
468 2441 572 2505 nautis;

77 2507 166 2560 Mixto
177 2524 270 2560 senum
281 2524 312 2560 ae
320 2509 450 2576 juvenum
462 2509 604 2565 densentur
615 2510 718 2578 funera,
727 2508 835 2562 nullum

113 2575 188 2630 Sura
199 2582 281 2645 eaput
293 2575 447 2643 Proserpina
458 2577 536 2644 fugit.
834 2582 875 2632 20

398 2667 407 2686 ¹
422 2666 517 2715 voluptas
