1858 2874
439 109 591 166 HORA'HI

301 362 450 418 OARMEN
467 362 588 416 VL—rn
601 377 736 416 soulnos.

191 491 318 545 Dnnrorr
329 493 459 559 majorum
470 491 616 544 immeritus
628 492 693 561 lues,

192 561 316 629 Romans,
329 561 411 613 donee
423 561 523 629 temple
534 561 654 614 refeceris

226 630 308 683 Aldss
325 647 358 682 ue
369 629 488 682 labentes
499 630 614 683 Deorum
626 637 654 684 ot

261 699 284 752 F
327 717 343 752 e
354 699 430 766 nigro
442 699 581 751 simulacra
592 699 672 753 fumo.

190 765 241 821 Dis
253 773 280 822 te
292 768 419 821 minorem
432 768 502 836 quod
514 768 589 836 geris,
602 769 727 836 imperes:

192 836 263 889 Hine
275 853 351 890 omne
363 837 531 906 principium,
543 835 596 888 huo
608 837 676 890 refer
687 839 800 896 exitum.

224 905 262 959 Di
274 907 361 959 mults
372 906 488 974 neglecti
500 905 630 958 dederunt

261 975 316 1028 Hes
335 975 395 1028 eriae
406 975 477 1028 mola
489 975 623 1028 luctuosae.

189 1042 210 1096 J
210 1060 254 1096 om
264 1042 305 1096 bis
348 1061 445 1097 onoesos
457 1048 485 1095 ot
497 1042 590 1096 Pacori
601 1060 696 1096 munus

188 1111 250 1165 Non
261 1113 409 1181 auspicatos
421 1112 542 1164 contudit
553 1112 668 1180 impetus
880 1118 909 1166 10

224 1182 332 1236 Nostros
344 1187 371 1234 et
382 1181 508 1250 adjecisse
520 1181 636 1250 predam

259 1248 403 1320 'lorquibus
415 1249 518 1318 exiguis
530 1248 640 1303 renidet.

190 1319 269 1373 Paens
281 1324 436 1388 occupatam
448 1319 620 1372 seditionibus

188 1388 294 1443 Delovit
305 1388 396 1441 urbem
407 1389 495 1442 Dacus
508 1395 535 1441 et
547 1388 683 1456 AEthiops;

223 1457 276 1510 Hie
288 1457 370 1510 olosss
381 1458 544 1524 formidatus,
556 1458 603 1510 ille

258 1515 405 1578 Missilibus
416 1527 508 1579 melior
519 1526 630 1595 sagittis.

188 1592 313 1646 Fecunda
325 1593 410 1662 oulpos
422 1596 510 1648 seculo
521 1596 628 1664 nuptias

187 1661 307 1714 Primum
318 1661 490 1730 inquinavere
502 1670 529 1716 et
540 1681 624 1732 genus
636 1669 663 1718 et
675 1665 781 1731 domos;

222 1730 282 1783 Hoo
293 1730 367 1784 fonte
379 1731 497 1786 derivata
509 1732 596 1785 olsdes

257 1799 291 1852 In
322 1800 420 1855 atrium
428 1800 607 1870 populumque
618 1801 705 1858 fluxit.
877 1809 910 1857 20

186 1867 279 1922 Motus
310 1869 379 1921 ooori
390 1871 490 1937 gaudet
501 1869 604 1922 Ionicos

186 1937 298 1992 Mature
309 1937 383 2006 virgo
394 1944 422 1992 et
432 1937 543 2006 fingitur
554 1939 662 1993 ortibus

220 2007 285 2061 Jem
296 2024 368 2060 nuno
380 2013 407 2060 et
419 2007 531 2060 incestos
543 2024 644 2061 umores

255 2076 295 2130 De
306 2082 397 2129 tenero
407 2076 553 2129 meditatur
564 2077 663 2145 ungui:

185 2142 253 2197 Mox
261 2146 378 2214 juniores
390 2145 486 2214 querit
497 2145 630 2200 adulteros

185 2210 260 2266 inter
271 2215 360 2269 muriti
371 2215 434 2267 vina
445 2231 532 2282 neque
545 2215 629 2283 eligit,

220 2281 270 2334 (lui
281 2284 360 2337 donet
371 2283 536 2352 impermisss
546 2285 646 2353 ruptim

256 2351 359 2404 Gaudia
369 2352 514 2405 luminibus
525 2354 640 2407 remotis.

184 2416 237 2470 Sed
244 2419 319 2484 jusso
330 2434 416 2470 eoram
427 2437 481 2471 non
493 2421 549 2473 sino
561 2422 664 2475 conscio

186 2484 277 2550 Surgit
288 2485 389 2548 morito,
402 2503 448 2538 seu
459 2495 537 2541 vocet
547 2489 654 2543 institor
879 2498 913 2547 30

220 2551 273 2604 Seu
284 2551 358 2603 novis
371 2551 498 2618 Hispanos
509 2558 641 2625 magister,

255 2616 419 2671 Dedecorum
430 2623 558 2686 protiosus
570 2632 679 2694 emptor.
