<?xml version="1.0" encoding="UTF-8"?>
<!DOCTYPE html PUBLIC "-//W3C//DTD XHTML 1.0 Transitional//EN"
    "http://www.w3.org/TR/xhtml1/DTD/xhtml1-transitional.dtd">
<html xmlns="http://www.w3.org/1999/xhtml" xml:lang="en" lang="en">
 <head>
  <title>
</title>
<meta http-equiv="Content-Type" content="text/html;charset=utf-8" />
  <meta name='ocr-system' content='tesseract 3.04.00' />
  <meta name='ocr-capabilities' content='ocr_page ocr_carea ocr_par ocr_line ocrx_word'/>
</head>
<body>
  <div class='ocr_page' id='page_1' title='image "./qhoratiiflaccio02horagoog_0117.png"; bbox 0 0 1866 2874; ppageno 0'>
   <div class='ocr_carea' id='block_1_1' title="bbox 125 83 159 131">
    <p class='ocr_par' dir='ltr' id='par_1_1' title="bbox 125 83 159 131">
     <span class='ocr_line' id='line_1_1' title="bbox 125 83 159 131; baseline 0 0"><span class='ocrx_word' id='word_1_1' title='bbox 125 83 159 131; x_wconf 74' lang='lat'><strong>92</strong></span> 
     </span>
    </p>
   </div>
   <div class='ocr_carea' id='block_1_2' title="bbox 445 31 677 124">
    <p class='ocr_par' dir='ltr' id='par_1_2' title="bbox 445 31 677 124">
     <span class='ocr_line' id='line_1_2' title="bbox 445 31 677 124; baseline -0.004 -1"><span class='ocrx_word' id='word_1_2' title='bbox 445 69 597 124; x_wconf 80' lang='lat' dir='ltr'><strong>noesnu</strong></span> <span class='ocrx_word' id='word_1_3' title='bbox 640 31 641 34; x_wconf 5' lang='grc' dir='ltr'>Ὺ</span> <span class='ocrx_word' id='word_1_4' title='bbox 673 84 677 90; x_wconf 91' lang='grc'>-</span> 
     </span>
    </p>
   </div>
   <div class='ocr_carea' id='block_1_3' title="bbox 193 174 924 1946">
    <p class='ocr_par' dir='ltr' id='par_1_3' title="bbox 193 174 759 313">
     <span class='ocr_line' id='line_1_3' title="bbox 193 174 759 243; baseline -0.002 -14"><span class='ocrx_word' id='word_1_5' title='bbox 193 177 285 229; x_wconf 87' lang='lat' dir='ltr'><strong>Mutet</strong></span> <span class='ocrx_word' id='word_1_6' title='bbox 296 181 366 229; x_wconf 81' lang='lat' dir='ltr'><strong>terre</strong></span> <span class='ocrx_word' id='word_1_7' title='bbox 377 175 448 228; x_wconf 82' lang='lat' dir='ltr'><strong>vices</strong></span> <span class='ocrx_word' id='word_1_8' title='bbox 459 180 487 228; x_wconf 88' lang='lat' dir='ltr'><strong>et</strong></span> <span class='ocrx_word' id='word_1_9' title='bbox 499 174 677 229; x_wconf 74' lang='lat' dir='ltr'><strong>decrescentia</strong></span> <span class='ocrx_word' id='word_1_10' title='bbox 688 175 759 243; x_wconf 85' lang='lat' dir='ltr'><strong>ripes</strong></span> 
     </span>
     <span class='ocr_line' id='line_1_4' title="bbox 263 245 576 313; baseline -0.006 -16"><span class='ocrx_word' id='word_1_11' title='bbox 263 245 388 298; x_wconf 79' lang='lat' dir='ltr'><strong>Flumine</strong></span> <span class='ocrx_word' id='word_1_12' title='bbox 399 249 576 313; x_wconf 74' lang='lat' dir='ltr'><strong>pretereunt3</strong></span> 
     </span>
    </p>

    <p class='ocr_par' dir='ltr' id='par_1_4' title="bbox 195 312 914 436">
     <span class='ocr_line' id='line_1_5' title="bbox 195 312 914 382; baseline -0.001 -14"><span class='ocrx_word' id='word_1_13' title='bbox 195 314 286 368; x_wconf 76' lang='lat' dir='ltr'><strong>(iretis</strong></span> <span class='ocrx_word' id='word_1_14' title='bbox 297 332 359 367; x_wconf 90' lang='lat' dir='ltr'><strong>cum</strong></span> <span class='ocrx_word' id='word_1_15' title='bbox 371 312 501 381; x_wconf 80' lang='lat' dir='ltr'><strong>Nymphis</strong></span> <span class='ocrx_word' id='word_1_16' title='bbox 513 312 677 382; x_wconf 85' lang='lat' dir='ltr'><strong>geminisque</strong></span> <span class='ocrx_word' id='word_1_17' title='bbox 689 314 823 368; x_wconf 87' lang='lat' dir='ltr'><strong>sororibus</strong></span> <span class='ocrx_word' id='word_1_18' title='bbox 836 315 914 370; x_wconf 89' lang='lat' dir='ltr'><strong>eudet</strong></span> 
     </span>
     <span class='ocr_line' id='line_1_6' title="bbox 263 381 561 436; baseline -0.013 0"><span class='ocrx_word' id='word_1_19' title='bbox 263 383 366 436; x_wconf 84' lang='lat' dir='ltr'><strong>Ducere</strong></span> <span class='ocrx_word' id='word_1_20' title='bbox 377 381 450 434; x_wconf 86' lang='lat' dir='ltr'><strong>nude</strong></span> <span class='ocrx_word' id='word_1_21' title='bbox 463 381 561 433; x_wconf 89' lang='lat' dir='ltr'><strong>chores.</strong></span> 
     </span>
    </p>

    <p class='ocr_par' dir='ltr' id='par_1_5' title="bbox 196 450 923 586">
     <span class='ocr_line' id='line_1_7' title="bbox 196 450 923 518; baseline 0.003 -14"><span class='ocrx_word' id='word_1_22' title='bbox 196 450 360 504; x_wconf 75' lang='lat' dir='ltr'><strong>Immortalis</strong></span> <span class='ocrx_word' id='word_1_23' title='bbox 370 467 404 502; x_wconf 89' lang='lat' dir='ltr'><strong>ne</strong></span> <span class='ocrx_word' id='word_1_24' title='bbox 416 466 509 518; x_wconf 83' lang='lat' dir='ltr'><strong>speres,</strong></span> <span class='ocrx_word' id='word_1_25' title='bbox 520 452 611 502; x_wconf 89' lang='lat' dir='ltr'><strong>monet</strong></span> <span class='ocrx_word' id='word_1_26' title='bbox 622 465 708 502; x_wconf 82' lang='lat' dir='ltr'><strong>eunus</strong></span> <span class='ocrx_word' id='word_1_27' title='bbox 720 456 748 504; x_wconf 87' lang='lat' dir='ltr'><strong>et</strong></span> <span class='ocrx_word' id='word_1_28' title='bbox 760 451 867 506; x_wconf 79' lang='lat' dir='ltr'><strong>ulmum</strong></span> <span class='ocrx_word' id='word_1_29' title='bbox 922 457 923 514; x_wconf 66' lang='grc' dir='ltr'>ξ</span> 
     </span>
     <span class='ocr_line' id='line_1_8' title="bbox 266 517 578 586; baseline -0.013 -13"><span class='ocrx_word' id='word_1_30' title='bbox 266 519 331 584; x_wconf 73' lang='lat' dir='ltr'><strong>Qus</strong></span> <span class='ocrx_word' id='word_1_31' title='bbox 342 519 413 586; x_wconf 87' lang='lat' dir='ltr'><strong>repit</strong></span> <span class='ocrx_word' id='word_1_32' title='bbox 424 519 489 570; x_wconf 87' lang='lat' dir='ltr'><strong>hore</strong></span> <span class='ocrx_word' id='word_1_33' title='bbox 501 517 578 570; x_wconf 88' lang='lat' dir='ltr'><strong>diem.</strong></span> 
     </span>
    </p>

    <p class='ocr_par' dir='ltr' id='par_1_6' title="bbox 196 585 920 720">
     <span class='ocr_line' id='line_1_9' title="bbox 196 585 895 656; baseline 0.004 -16"><span class='ocrx_word' id='word_1_34' title='bbox 196 587 305 656; x_wconf 80' lang='lat' dir='ltr'><strong>Frigore</strong></span> <span class='ocrx_word' id='word_1_35' title='bbox 316 587 459 639; x_wconf 78' lang='lat' dir='ltr'><strong>mitescrmt</strong></span> <span class='ocrx_word' id='word_1_36' title='bbox 471 585 614 654; x_wconf 82' lang='lat' dir='ltr'><strong>Zephyris;</strong></span> <span class='ocrx_word' id='word_1_37' title='bbox 632 603 677 640; x_wconf 86' lang='lat' dir='ltr'><strong>ver</strong></span> <span class='ocrx_word' id='word_1_38' title='bbox 688 588 802 655; x_wconf 76' lang='lat' dir='ltr'><strong>proterit</strong></span> <span class='ocrx_word' id='word_1_39' title='bbox 815 595 895 643; x_wconf 78' lang='lat' dir='ltr'><strong>aestas</strong></span> 
     </span>
     <span class='ocr_line' id='line_1_10' title="bbox 266 655 920 720; baseline 0 -12"><span class='ocrx_word' id='word_1_40' title='bbox 266 656 419 720; x_wconf 75' lang='lat' dir='ltr'><strong>Interitme,</strong></span> <span class='ocrx_word' id='word_1_41' title='bbox 432 655 510 706; x_wconf 91' lang='lat' dir='ltr'><strong>simul</strong></span> <span class='ocrx_word' id='word_1_42' title='bbox 890 659 920 708; x_wconf 90' lang='lat'><strong>10</strong></span> 
     </span>
    </p>

    <p class='ocr_par' dir='ltr' id='par_1_7' title="bbox 197 723 849 846">
     <span class='ocr_line' id='line_1_11' title="bbox 197 723 849 791; baseline 0 -12"><span class='ocrx_word' id='word_1_43' title='bbox 197 725 311 780; x_wconf 83' lang='lat' dir='ltr'><strong>Pomifer</strong></span> <span class='ocrx_word' id='word_1_44' title='bbox 323 724 490 777; x_wconf 73' lang='lat' dir='ltr'><strong>ductumnus</strong></span> <span class='ocrx_word' id='word_1_45' title='bbox 501 723 590 791; x_wconf 78' lang='lat' dir='ltr'><strong>fruges</strong></span> <span class='ocrx_word' id='word_1_46' title='bbox 602 723 731 791; x_wconf 87' lang='lat' dir='ltr'><strong>effuderit,</strong></span> <span class='ocrx_word' id='word_1_47' title='bbox 743 728 772 776; x_wconf 92' lang='lat' dir='ltr'><strong>et</strong></span> <span class='ocrx_word' id='word_1_48' title='bbox 783 741 849 779; x_wconf 87' lang='lat' dir='ltr'><strong>mox</strong></span> 
     </span>
     <span class='ocr_line' id='line_1_12' title="bbox 266 792 579 846; baseline -0.006 0"><span class='ocrx_word' id='word_1_49' title='bbox 266 793 366 846; x_wconf 89' lang='lat' dir='ltr'><strong>Brume</strong></span> <span class='ocrx_word' id='word_1_50' title='bbox 377 792 489 845; x_wconf 80' lang='lat' dir='ltr'><strong>recurrit</strong></span> <span class='ocrx_word' id='word_1_51' title='bbox 500 792 579 844; x_wconf 85' lang='lat' dir='ltr'><strong>iners.</strong></span> 
     </span>
    </p>

    <p class='ocr_par' dir='ltr' id='par_1_8' title="bbox 196 860 924 998">
     <span class='ocr_line' id='line_1_13' title="bbox 196 860 868 928; baseline -0.003 -10"><span class='ocrx_word' id='word_1_52' title='bbox 196 865 301 918; x_wconf 86' lang='lat' dir='ltr'><strong>Demne</strong></span> <span class='ocrx_word' id='word_1_53' title='bbox 312 867 401 915; x_wconf 86' lang='lat' dir='ltr'><strong>temen</strong></span> <span class='ocrx_word' id='word_1_54' title='bbox 413 860 509 913; x_wconf 83' lang='lat' dir='ltr'><strong>celeres</strong></span> <span class='ocrx_word' id='word_1_55' title='bbox 520 865 644 928; x_wconf 86' lang='lat' dir='ltr'><strong>reperent</strong></span> <span class='ocrx_word' id='word_1_56' title='bbox 652 861 769 914; x_wconf 86' lang='lat' dir='ltr'><strong>coelestie</strong></span> <span class='ocrx_word' id='word_1_57' title='bbox 781 861 868 916; x_wconf 86' lang='lat' dir='ltr'><strong>lunae:</strong></span> 
     </span>
     <span class='ocr_line' id='line_1_14' title="bbox 265 929 924 998; baseline -0.003 -14"><span class='ocrx_word' id='word_1_58' title='bbox 265 931 292 984; x_wconf 84' lang='lat' dir='ltr'>N</span> <span class='ocrx_word' id='word_1_59' title='bbox 292 947 328 998; x_wconf 88' lang='lat' dir='ltr'><strong>os,</strong></span> <span class='ocrx_word' id='word_1_60' title='bbox 341 929 387 982; x_wconf 91' lang='lat' dir='ltr'><strong>ubi</strong></span> <span class='ocrx_word' id='word_1_61' title='bbox 399 929 552 994; x_wconf 87' lang='lat' dir='ltr'><strong>decidimus,</strong></span> <span class='ocrx_word' id='word_1_62' title='bbox 923 947 924 982; x_wconf 77' lang='lat'>3</span> 
     </span>
    </p>

    <p class='ocr_par' dir='ltr' id='par_1_9' title="bbox 197 997 924 1065">
     <span class='ocr_line' id='line_1_15' title="bbox 197 997 924 1065; baseline 0 -15"><span class='ocrx_word' id='word_1_63' title='bbox 197 999 254 1064; x_wconf 81' lang='lat' dir='ltr'><strong>Quo</strong></span> <span class='ocrx_word' id='word_1_64' title='bbox 301 1004 342 1050; x_wconf 86' lang='lat' dir='ltr'><strong>ter</strong></span> <span class='ocrx_word' id='word_1_65' title='bbox 352 998 456 1064; x_wconf 84' lang='lat' dir='ltr'><strong>AEnees,</strong></span> <span class='ocrx_word' id='word_1_66' title='bbox 470 1014 522 1065; x_wconf 93' lang='lat' dir='ltr'><strong>quo</strong></span> <span class='ocrx_word' id='word_1_67' title='bbox 535 997 607 1050; x_wconf 87' lang='lat' dir='ltr'><strong>dives</strong></span> <span class='ocrx_word' id='word_1_68' title='bbox 619 997 712 1052; x_wconf 77' lang='lat' dir='ltr'><strong>&#39;lullus</strong></span> <span class='ocrx_word' id='word_1_69' title='bbox 724 1002 751 1050; x_wconf 91' lang='lat' dir='ltr'><strong>et</strong></span> <span class='ocrx_word' id='word_1_70' title='bbox 763 997 863 1065; x_wconf 83' lang='lat' dir='ltr'><strong>Ancus,</strong></span> <span class='ocrx_word' id='word_1_71' title='bbox 923 1013 924 1016; x_wconf 73' lang='grc'>’</span> 
     </span>
    </p>

    <p class='ocr_par' dir='ltr' id='par_1_10' title="bbox 320 1067 750 1121">
     <span class='ocr_line' id='line_1_16' title="bbox 320 1067 750 1121; baseline 0.005 -2"><span class='ocrx_word' id='word_1_72' title='bbox 320 1067 360 1119; x_wconf 82' lang='lat' dir='ltr'><strong>vis</strong></span> <span class='ocrx_word' id='word_1_73' title='bbox 372 1072 399 1119; x_wconf 89' lang='lat' dir='ltr'><strong>et</strong></span> <span class='ocrx_word' id='word_1_74' title='bbox 411 1067 505 1119; x_wconf 87' lang='lat' dir='ltr'><strong>umbre</strong></span> <span class='ocrx_word' id='word_1_75' title='bbox 517 1083 614 1120; x_wconf 90' lang='lat' dir='ltr'><strong>sumus.</strong></span> <span class='ocrx_word' id='word_1_76' title='bbox 747 1115 750 1121; x_wconf 91' lang='lat'>.</span> 
     </span>
    </p>

    <p class='ocr_par' dir='ltr' id='par_1_11' title="bbox 197 1134 901 1273">
     <span class='ocr_line' id='line_1_17' title="bbox 197 1134 901 1204; baseline 0 -15"><span class='ocrx_word' id='word_1_77' title='bbox 197 1137 262 1203; x_wconf 83' lang='lat' dir='ltr'><strong>Quis</strong></span> <span class='ocrx_word' id='word_1_78' title='bbox 274 1136 368 1188; x_wconf 87' lang='lat' dir='ltr'><strong>seiten</strong></span> <span class='ocrx_word' id='word_1_79' title='bbox 380 1135 507 1204; x_wconf 71' lang='lat' dir='ltr'><strong>adjicient</strong></span> <span class='ocrx_word' id='word_1_80' title='bbox 518 1135 650 1188; x_wconf 77' lang='lat' dir='ltr'><strong>hodiemae</strong></span> <span class='ocrx_word' id='word_1_81' title='bbox 662 1134 778 1188; x_wconf 75' lang='lat' dir='ltr'><strong>erectim</strong></span> <span class='ocrx_word' id='word_1_82' title='bbox 791 1153 901 1189; x_wconf 81' lang='lat' dir='ltr'><strong>summoe</strong></span> 
     </span>
     <span class='ocr_line' id='line_1_18' title="bbox 267 1203 561 1273; baseline -0.003 -16"><span class='ocrx_word' id='word_1_83' title='bbox 267 1206 396 1273; x_wconf 71' lang='lat' dir='ltr'><strong>Tempore</strong></span> <span class='ocrx_word' id='word_1_84' title='bbox 407 1205 444 1257; x_wconf 87' lang='lat' dir='ltr'><strong>Di</strong></span> <span class='ocrx_word' id='word_1_85' title='bbox 457 1203 561 1272; x_wconf 84' lang='lat' dir='ltr'><strong>supen&#39;l</strong></span> 
     </span>
    </p>

    <p class='ocr_par' dir='ltr' id='par_1_12' title="bbox 198 1271 924 1408">
     <span class='ocr_line' id='line_1_19' title="bbox 198 1271 849 1340; baseline -0.006 -10"><span class='ocrx_word' id='word_1_86' title='bbox 198 1275 300 1330; x_wconf 73' lang='lat' dir='ltr'><strong>ennete</strong></span> <span class='ocrx_word' id='word_1_87' title='bbox 311 1290 405 1326; x_wconf 88' lang='lat' dir='ltr'><strong>menus</strong></span> <span class='ocrx_word' id='word_1_88' title='bbox 417 1273 508 1326; x_wconf 85' lang='lat' dir='ltr'><strong>evides</strong></span> <span class='ocrx_word' id='word_1_89' title='bbox 520 1272 626 1340; x_wconf 80' lang='lat' dir='ltr'><strong>fugient</strong></span> <span class='ocrx_word' id='word_1_90' title='bbox 637 1271 749 1340; x_wconf 89' lang='lat' dir='ltr'><strong>heredis,</strong></span> <span class='ocrx_word' id='word_1_91' title='bbox 761 1273 849 1326; x_wconf 87' lang='lat' dir='ltr'><strong>emico</strong></span> 
     </span>
     <span class='ocr_line' id='line_1_20' title="bbox 268 1341 924 1408; baseline -0.003 -14"><span class='ocrx_word' id='word_1_92' title='bbox 268 1343 333 1408; x_wconf 77' lang='lat' dir='ltr'><strong>Quse</strong></span> <span class='ocrx_word' id='word_1_93' title='bbox 345 1341 446 1394; x_wconf 84' lang='lat' dir='ltr'><strong>dederis</strong></span> <span class='ocrx_word' id='word_1_94' title='bbox 455 1342 551 1394; x_wconf 86' lang='lat' dir='ltr'><strong>enimc.</strong></span> <span class='ocrx_word' id='word_1_95' title='bbox 891 1344 924 1393; x_wconf 77' lang='lat'><strong>20</strong></span> 
     </span>
    </p>

    <p class='ocr_par' dir='ltr' id='par_1_13' title="bbox 199 1407 891 1546">
     <span class='ocr_line' id='line_1_21' title="bbox 199 1407 891 1478; baseline -0.004 -13"><span class='ocrx_word' id='word_1_96' title='bbox 199 1413 287 1478; x_wconf 77' lang='lat' dir='ltr'><strong>Quum</strong></span> <span class='ocrx_word' id='word_1_97' title='bbox 299 1411 379 1464; x_wconf 89' lang='lat' dir='ltr'><strong>semel</strong></span> <span class='ocrx_word' id='word_1_98' title='bbox 390 1410 514 1463; x_wconf 90' lang='lat' dir='ltr'><strong>occideris</strong></span> <span class='ocrx_word' id='word_1_99' title='bbox 526 1415 553 1463; x_wconf 88' lang='lat' dir='ltr'><strong>et</strong></span> <span class='ocrx_word' id='word_1_100' title='bbox 565 1409 598 1463; x_wconf 91' lang='lat' dir='ltr'><strong>de</strong></span> <span class='ocrx_word' id='word_1_101' title='bbox 609 1413 637 1463; x_wconf 89' lang='lat' dir='ltr'><strong>te</strong></span> <span class='ocrx_word' id='word_1_102' title='bbox 649 1407 788 1478; x_wconf 81' lang='lat' dir='ltr'><strong>splendide</strong></span> <span class='ocrx_word' id='word_1_103' title='bbox 801 1409 891 1463; x_wconf 90' lang='lat' dir='ltr'><strong>Minos</strong></span> 
     </span>
     <span class='ocr_line' id='line_1_22' title="bbox 268 1478 499 1546; baseline -0.013 -12"><span class='ocrx_word' id='word_1_104' title='bbox 268 1480 371 1534; x_wconf 81' lang='lat' dir='ltr'><strong>Feeerit</strong></span> <span class='ocrx_word' id='word_1_105' title='bbox 383 1478 499 1546; x_wconf 89' lang='lat' dir='ltr'><strong>erbitrie,</strong></span> 
     </span>
    </p>

    <p class='ocr_par' dir='ltr' id='par_1_14' title="bbox 198 1545 877 1686">
     <span class='ocr_line' id='line_1_23' title="bbox 198 1545 877 1616; baseline -0.004 -13"><span class='ocrx_word' id='word_1_106' title='bbox 198 1549 266 1616; x_wconf 83' lang='lat' dir='ltr'><strong>Non,</strong></span> <span class='ocrx_word' id='word_1_107' title='bbox 278 1549 415 1616; x_wconf 68' lang='lat' dir='ltr'><strong>(torquete,</strong></span> <span class='ocrx_word' id='word_1_108' title='bbox 427 1565 517 1616; x_wconf 81' lang='lat' dir='ltr'><strong>genus,</strong></span> <span class='ocrx_word' id='word_1_109' title='bbox 530 1564 583 1600; x_wconf 92' lang='lat' dir='ltr'><strong>non</strong></span> <span class='ocrx_word' id='word_1_110' title='bbox 595 1553 622 1600; x_wconf 90' lang='lat' dir='ltr'><strong>te</strong></span> <span class='ocrx_word' id='word_1_111' title='bbox 634 1545 767 1614; x_wconf 79' lang='lat' dir='ltr'><strong>fecundis,</strong></span> <span class='ocrx_word' id='word_1_112' title='bbox 780 1563 836 1598; x_wconf 91' lang='lat' dir='ltr'><strong>non</strong></span> <span class='ocrx_word' id='word_1_113' title='bbox 848 1551 877 1600; x_wconf 89' lang='lat' dir='ltr'><strong>te</strong></span> 
     </span>
     <span class='ocr_line' id='line_1_24' title="bbox 269 1617 514 1686; baseline 0 -17"><span class='ocrx_word' id='word_1_114' title='bbox 269 1617 402 1670; x_wconf 87' lang='lat' dir='ltr'><strong>Restituet</strong></span> <span class='ocrx_word' id='word_1_115' title='bbox 413 1617 514 1686; x_wconf 82' lang='lat' dir='ltr'><strong>pietes;</strong></span> 
     </span>
    </p>

    <p class='ocr_par' dir='ltr' id='par_1_15' title="bbox 200 1683 862 1822">
     <span class='ocr_line' id='line_1_25' title="bbox 200 1683 862 1754; baseline -0.002 -16"><span class='ocrx_word' id='word_1_116' title='bbox 200 1685 314 1738; x_wconf 82' lang='lat' dir='ltr'><strong>infernis</strong></span> <span class='ocrx_word' id='word_1_117' title='bbox 326 1702 410 1754; x_wconf 90' lang='lat' dir='ltr'><strong>neque</strong></span> <span class='ocrx_word' id='word_1_118' title='bbox 422 1686 493 1738; x_wconf 89' lang='lat' dir='ltr'><strong>enim</strong></span> <span class='ocrx_word' id='word_1_119' title='bbox 505 1683 620 1738; x_wconf 86' lang='lat' dir='ltr'><strong>tenebris</strong></span> <span class='ocrx_word' id='word_1_120' title='bbox 631 1684 719 1737; x_wconf 86' lang='lat' dir='ltr'><strong>Diene</strong></span> <span class='ocrx_word' id='word_1_121' title='bbox 730 1683 862 1752; x_wconf 89' lang='lat' dir='ltr'><strong>pudicum</strong></span> 
     </span>
     <span class='ocr_line' id='line_1_26' title="bbox 269 1753 570 1822; baseline -0.003 -16"><span class='ocrx_word' id='word_1_122' title='bbox 269 1753 374 1808; x_wconf 74' lang='lat' dir='ltr'><strong>hiberae</strong></span> <span class='ocrx_word' id='word_1_123' title='bbox 386 1754 570 1822; x_wconf 79' lang='lat' dir='ltr'><strong>Hippolytum,</strong></span> 
     </span>
    </p>

    <p class='ocr_par' dir='ltr' id='par_1_16' title="bbox 200 1821 828 1946">
     <span class='ocr_line' id='line_1_27' title="bbox 200 1821 828 1890; baseline -0.005 -12"><span class='ocrx_word' id='word_1_124' title='bbox 200 1821 256 1878; x_wconf 82' lang='lat' dir='ltr'><strong>Neo</strong></span> <span class='ocrx_word' id='word_1_125' title='bbox 268 1822 375 1876; x_wconf 79' lang='lat' dir='ltr'><strong>Iethaee</strong></span> <span class='ocrx_word' id='word_1_126' title='bbox 386 1823 458 1876; x_wconf 84' lang='lat' dir='ltr'><strong>velet</strong></span> <span class='ocrx_word' id='word_1_127' title='bbox 470 1823 585 1875; x_wconf 72' lang='lat' dir='ltr'><strong>Theseus</strong></span> <span class='ocrx_word' id='word_1_128' title='bbox 597 1821 752 1890; x_wconf 88' lang='lat' dir='ltr'><strong>ebrumpere</strong></span> <span class='ocrx_word' id='word_1_129' title='bbox 764 1837 828 1875; x_wconf 83' lang='lat' dir='ltr'><strong>cero</strong></span> 
     </span>
     <span class='ocr_line' id='line_1_28' title="bbox 270 1891 521 1946; baseline -0.004 0"><span class='ocrx_word' id='word_1_130' title='bbox 270 1892 385 1946; x_wconf 87' lang='lat' dir='ltr'><strong>Vincule</strong></span> <span class='ocrx_word' id='word_1_131' title='bbox 397 1891 521 1945; x_wconf 83' lang='lat' dir='ltr'><strong>Pirithoo.</strong></span> 
     </span>
    </p>
   </div>
   <div class='ocr_carea' id='block_1_4' title="bbox 265 2113 785 2169">
    <p class='ocr_par' dir='ltr' id='par_1_17' title="bbox 265 2113 785 2169">
     <span class='ocr_line' id='line_1_29' title="bbox 265 2113 785 2169; baseline -0.002 -2"><span class='ocrx_word' id='word_1_132' title='bbox 265 2113 414 2168; x_wconf 78' lang='lat' dir='ltr'><strong>OARMEN</strong></span> <span class='ocrx_word' id='word_1_133' title='bbox 432 2114 584 2168; x_wconf 78' lang='lat' dir='ltr'><strong>VIII.—sn</strong></span> <span class='ocrx_word' id='word_1_134' title='bbox 598 2129 785 2169; x_wconf 77' lang='lat' dir='ltr'><strong>enusonmuu.</strong></span> 
     </span>
    </p>
   </div>
   <div class='ocr_carea' id='block_1_5' title="bbox 201 2238 770 2578">
    <p class='ocr_par' dir='ltr' id='par_1_18' title="bbox 201 2238 770 2578">
     <span class='ocr_line' id='line_1_30' title="bbox 201 2238 770 2309; baseline -0.005 -17"><span class='ocrx_word' id='word_1_135' title='bbox 201 2238 344 2293; x_wconf 75' lang='lat' dir='ltr'><strong>Dossenni</strong></span> <span class='ocrx_word' id='word_1_136' title='bbox 356 2244 462 2309; x_wconf 89' lang='lat' dir='ltr'><strong>peteres</strong></span> <span class='ocrx_word' id='word_1_137' title='bbox 473 2245 600 2308; x_wconf 79' lang='lat' dir='ltr'><strong>grateque</strong></span> <span class='ocrx_word' id='word_1_138' title='bbox 612 2238 770 2304; x_wconf 87' lang='lat' dir='ltr'><strong>commodus,</strong></span> 
     </span>
     <span class='ocr_line' id='line_1_31' title="bbox 203 2308 642 2374; baseline -0.002 -14"><span class='ocrx_word' id='word_1_139' title='bbox 203 2308 349 2374; x_wconf 77' lang='lat' dir='ltr'><strong>Censorino,</strong></span> <span class='ocrx_word' id='word_1_140' title='bbox 360 2309 426 2360; x_wconf 88' lang='lat' dir='ltr'><strong>meis</strong></span> <span class='ocrx_word' id='word_1_141' title='bbox 438 2326 491 2362; x_wconf 86' lang='lat' dir='ltr'><strong>eere</strong></span> <span class='ocrx_word' id='word_1_142' title='bbox 503 2309 642 2374; x_wconf 79' lang='lat' dir='ltr'><strong>sodalibus,</strong></span> 
     </span>
     <span class='ocr_line' id='line_1_32' title="bbox 201 2375 711 2445; baseline 0 -19"><span class='ocrx_word' id='word_1_143' title='bbox 201 2375 334 2426; x_wconf 77' lang='lat' dir='ltr'><strong>Donarem</strong></span> <span class='ocrx_word' id='word_1_144' title='bbox 345 2376 470 2444; x_wconf 83' lang='lat' dir='ltr'><strong>tripodes,</strong></span> <span class='ocrx_word' id='word_1_145' title='bbox 481 2377 589 2445; x_wconf 87' lang='lat' dir='ltr'><strong>preemie</strong></span> <span class='ocrx_word' id='word_1_146' title='bbox 601 2375 711 2428; x_wconf 83' lang='lat' dir='ltr'><strong>fortium</strong></span> 
     </span>
     <span class='ocr_line' id='line_1_33' title="bbox 202 2441 765 2508; baseline 0.009 -17"><span class='ocrx_word' id='word_1_147' title='bbox 202 2441 346 2506; x_wconf 73' lang='lat' dir='ltr'><strong>Greiorum,</strong></span> <span class='ocrx_word' id='word_1_148' title='bbox 358 2459 442 2508; x_wconf 88' lang='lat' dir='ltr'><strong>neque</strong></span> <span class='ocrx_word' id='word_1_149' title='bbox 454 2451 487 2496; x_wconf 93' lang='lat' dir='ltr'><strong>tu</strong></span> <span class='ocrx_word' id='word_1_150' title='bbox 531 2445 610 2496; x_wconf 87' lang='lat' dir='ltr'><strong>ssime</strong></span> <span class='ocrx_word' id='word_1_151' title='bbox 621 2460 765 2496; x_wconf 84' lang='lat' dir='ltr'><strong>munerum</strong></span> 
     </span>
     <span class='ocr_line' id='line_1_34' title="bbox 202 2505 677 2578; baseline 0.019 -22"><span class='ocrx_word' id='word_1_152' title='bbox 202 2505 301 2571; x_wconf 75' lang='lat' dir='ltr'><strong>Ferres,</strong></span> <span class='ocrx_word' id='word_1_153' title='bbox 313 2507 396 2560; x_wconf 76' lang='lat' dir='ltr'><strong>divite</strong></span> <span class='ocrx_word' id='word_1_154' title='bbox 407 2526 449 2560; x_wconf 90' lang='lat' dir='ltr'><strong>me</strong></span> <span class='ocrx_word' id='word_1_155' title='bbox 462 2512 496 2562; x_wconf 86' lang='lat' dir='ltr'><strong>sc&#39;</strong></span> <span class='ocrx_word' id='word_1_156' title='bbox 511 2513 561 2563; x_wconf 85' lang='lat' dir='ltr'><strong>&#39;oet</strong></span> <span class='ocrx_word' id='word_1_157' title='bbox 572 2512 677 2578; x_wconf 79' lang='lat' dir='ltr'><strong>entium,</strong></span> 
     </span>
    </p>
   </div>
   <div class='ocr_carea' id='block_1_6' title="bbox 204 2570 794 2650">
    <p class='ocr_par' dir='ltr' id='par_1_19' title="bbox 204 2570 794 2650">
     <span class='ocr_line' id='line_1_35' title="bbox 204 2570 794 2650; baseline 0.02 -27"><span class='ocrx_word' id='word_1_158' title='bbox 204 2570 275 2635; x_wconf 83' lang='lat' dir='ltr'><strong>Ques</strong></span> <span class='ocrx_word' id='word_1_159' title='bbox 286 2577 335 2625; x_wconf 90' lang='lat' dir='ltr'><strong>eut</strong></span> <span class='ocrx_word' id='word_1_160' title='bbox 346 2571 499 2630; x_wconf 85' lang='lat' dir='ltr'><strong>Perrhesius</strong></span> <span class='ocrx_word' id='word_1_161' title='bbox 511 2580 623 2647; x_wconf 86' lang='lat' dir='ltr'><strong>protulit</strong></span> <span class='ocrx_word' id='word_1_162' title='bbox 634 2585 683 2634; x_wconf 85' lang='lat' dir='ltr'><strong>eut</strong></span> <span class='ocrx_word' id='word_1_163' title='bbox 694 2579 794 2650; x_wconf 78' lang='lat' dir='ltr'><strong>Scopas</strong></span> 
     </span>
    </p>
   </div>
   <div class='ocr_carea' id='block_1_7' title="bbox 0 0 948 2874">
    <p class='ocr_par' dir='ltr' id='par_1_20' title="bbox 0 0 948 2874">
     <span class='ocr_line' id='line_1_36' title="bbox 0 0 948 2874; baseline 0 0"><span class='ocrx_word' id='word_1_164' title='bbox 0 0 948 2874; x_wconf 95' lang='lat' dir='ltr'><strong> </strong></span> 
     </span>
    </p>
   </div>
  </div>
 </body>
</html>
