1866 2874
252 102 397 156 EPODON
415 103 520 157 caan.
541 109 650 161 12-15.

125 209 186 262 Non
198 210 276 263 aliter
288 210 375 263 Samio
388 211 481 263 dicunt
493 211 585 264 arsisse
597 210 722 279 Bathyllo

159 282 329 332 Anacreonta
340 281 442 347 Teium,

127 347 179 413 Qui
192 366 274 416 persae
320 365 385 400 cava
397 349 530 401 testudine
542 348 616 402 flevit
628 365 743 402 amorem

159 417 220 468 Non
234 417 276 468 ela
309 423 398 470 ratum
410 419 444 470 ad
456 419 556 486 pedena

125 484 215 538 Ureris
228 486 284 554 ipse
296 487 387 540 miser:
405 487 474 555 quod
486 488 509 538 si
521 504 573 539 non
585 486 719 555 pulchrior
730 485 799 554 ignis

160 556 291 607 Accendit
303 555 432 608 obsessam
445 556 520 623 ilion,

126 623 218 676 (laude
231 631 300 676 sorte
312 631 373 687 tua;
391 641 434 676 me
446 624 569 677 libertina
580 641 664 693 nequo
675 640 728 676 uno

161 693 292 746 Contenta
304 691 409 760 Phryne
421 699 544 745 macerat.

230 881 378 936 GARMEN
397 882 527 936 Πρω
541 897 675 937 ransart.

123 996 187 1050 Nox
200 1003 264 1060 erat
271 1003 298 1051 st
309 998 373 1051 coslo
384 999 504 1066 fulgebat
516 999 593 1052 Luna
605 1017 694 1054 sereno

159 1065 236 1118 Inter
247 1067 350 1117 minora
362 1065 455 1133 sidera,

123 1134 213 1200 Quum
226 1141 257 1188 tu
269 1153 425 1203 magnorum
436 1154 536 1190 numen
547 1137 642 1190 lasura
654 1139 770 1192 Deorum

12 1249 14 1260 .
159 1204 192 1256 In
204 1205 285 1257 verba
293 1205 401 1273 jurabas
413 1224 480 1273 mea,

12 1323 13 1326 ,
122 1272 216 1325 Artius
228 1279 309 1342 atque
321 1275 416 1326 hedera
428 1293 535 1343 procera
547 1275 722 1343 adstringitur
733 1275 794 1342 ilex,

12 1343 14 1408 ξ
158 1342 249 1394 Lentis
262 1342 397 1395 adhaerens
408 1344 535 1397 brachiis:

12 1421 13 1446 ὲ
121 1409 194 1462 Dum
227 1412 295 1463 ecori
307 1411 385 1480 lupus
398 1417 424 1463 et
436 1414 525 1464 nautis
537 1413 649 1465 infestus
663 1412 743 1466 Orion

157 1430 287 1532 Turlaret
299 1480 438 1532 hibernum
447 1499 525 1547 mare,

122 1547 296 1617 Intonsosquc
309 1551 421 1616 agitaret
431 1549 560 1618 Apollinis
573 1567 637 1604 aura
649 1549 766 1620 capillos,

157 1617 224 1670 Fore
236 1618 308 1670 hunc
320 1636 434 1670 amorem
446 1625 577 1671 mutuum.
813 1622 846 1671 10

123 1685 145 1738 0
158 1686 273 1738 dolitura
285 1704 344 1738 mea
356 1688 471 1738 multum
483 1687 583 1740 virtute
595 1688 702 1744 Neaera!

155 1755 226 1807 Nam
239 1756 261 1806 si
272 1756 335 1823 quid
348 1756 377 1807 in
389 1756 483 1807 Flacco
495 1756 545 1807 viri
558 1764 604 1820 est,

122 1821 182 1876 Non
193 1825 261 1876 feret
273 1824 390 1876 assiduas
402 1825 497 1892 potiori
510 1832 536 1876 te
549 1825 610 1878 dare
622 1829 717 1890 noctes,

156 1892 192 1944 Et
204 1899 302 1960 quaeret
314 1894 397 1944 iratus
409 1911 512 1961 parem:

121 1958 176 2012 Nec
189 1962 268 2013 semel
281 1961 385 2012 offensas
397 1962 472 2013 cedet
485 1961 631 2014 constantia
642 1961 741 2028 formae,

155 2029 183 2081 Si
196 2037 283 2082 certus
295 2030 403 2082 intrarit
416 2031 495 2098 dolor.

121 2095 157 2150 Et
169 2103 208 2165 tu,
221 2099 371 2167 quicunque
384 2115 410 2150 es
422 2099 522 2151 felicior
533 2102 613 2166 atquc
625 2115 682 2150 meo
694 2115 766 2151 nunc

156 2166 289 2235 Superbus
301 2167 401 2218 incedis
413 2167 489 2233 malo,

122 2233 162 2286 sis
174 2253 267 2302 pecore
279 2243 307 2288 et
318 2235 404 2287 multa
417 2237 488 2286 dives
500 2235 596 2287 tellure
607 2234 699 2288 licebit

155 2304 266 2372 'libique
279 2305 403 2357 Pactolus
416 2305 489 2370 fluat,
810 2307 844 2356 20

121 2369 175 2425 Nec
187 2380 215 2425 te
228 2373 386 2442 Pythagora
398 2372 494 2424 fallant
506 2390 602 2425 arcana
612 2373 705 2440 renati,

155 2441 302 2510 Formaque
314 2441 403 2494 vincas
415 2441 503 2506 Nirea,

121 2509 196 2562 Eheu
208 2511 351 2562 translatos
363 2509 414 2560 alio
426 2508 544 2559 maerebis
557 2523 671 2558 amores:

154 2577 205 2630 Ast
217 2594 265 2646 ego
277 2577 392 2632 vicissim
404 2575 491 2626 risere.
