1866 2874
127 99 178 150 128
446 98 601 151 Hossn'l'll

122 199 244 266 Denique
257 198 291 251 sit
303 197 363 250 finis
376 199 516 266 quarendi,
529 215 663 266 quumque
675 199 772 253 babeas
784 201 857 269 plus,

121 267 279 337 Pauperiem
291 274 393 320 metuas
406 268 492 319 minus
505 274 532 320 et
544 268 620 318 finire
632 268 747 320 laborem

122 337 245 404 Incipias,
258 343 335 405 parto
347 337 416 404 quod
429 337 531 403 avebas,
543 354 577 387 ne
589 337 670 388 facias
683 337 752 404 quod

123 401 272 458 Ummidius
284 406 408 473 quidam;
426 423 478 457 non
491 406 570 472 longa
582 413 622 457 est
634 406 739 458 sabula:
758 406 840 474 dives,
918 419 919 444 ³

122 475 160 527 Ut
172 475 310 526 metiretur
322 492 457 537 nummos;
475 476 514 526 ita
526 475 653 541 sordidus,
666 480 697 526 ut
709 493 736 528 se

122 543 147 596 N
149 561 182 596 on
194 560 313 610 unquam
325 561 398 598 servo
410 545 504 596 melius
516 544 639 607 vestiret;
657 544 774 612 adusque

122 613 281 680 Supremum
293 618 405 682 tempus,
417 629 452 664 ne
464 630 491 665 se
502 613 613 680 penuria
625 613 712 664 vietus

124 681 297 749 Opprimeret,
308 681 452 734 metuebat.
488 681 525 734 At
537 681 608 732 hunc
620 681 715 733 liberta
727 681 814 734 securi

122 749 221 804 Divisit
233 751 356 816 medium,
369 750 511 802 fortissima
523 750 740 812 Tyndaridarum.
871 753 909 804 100
919 761 920 808 ξ

162 820 254 884 “Quid
264 821 299 870 mi
311 820 394 885 igitur
406 819 499 870 suades
506 816 515 868 'l
533 824 565 869 ut
574 818 662 868 vivam
674 819 804 873 Maeniusl
822 829 871 874 aut
880 823 907 872 sic
919 821 920 824 ’

127 887 165 942 Ut
177 889 357 942 Nomentanus
367 886 396 940 l”
415 885 506 951 Pergis
518 887 666 952 pugnantia
678 905 766 940 secum

128 952 269 1006 Frontibus
281 952 396 1005 adversis
408 970 576 1021 componere:
595 971 649 1005 non
660 971 716 1022 ego,
729 973 841 1010 avarum

128 1021 216 1085 Quum
228 1027 288 1074 veto
300 1027 327 1073 te
338 1021 403 1088 fieri,
415 1039 530 1090 vappam
537 1023 618 1089 jubeo
630 1040 662 1076 ac
673 1025 840 1082 nebulonem.
920 996 921 1086 l

127 1089 176 1142 Est
188 1090 258 1142 inter
270 1091 374 1142 Tanain
386 1091 512 1158 quiddam
524 1109 690 1160 socerumque
703 1093 805 1148 Viselli.
920 1097 921 1108 ¹

128 1159 177 1212 Est
189 1158 281 1210 modus
292 1159 321 1210 in
333 1159 418 1226 rebus,
431 1166 493 1212 sunt
505 1161 570 1212 certi
582 1161 695 1228 denique
707 1161 780 1230 fines,

129 1229 199 1293 Quos
211 1229 283 1280 ultra
295 1228 413 1296 citraque
425 1229 517 1296 nequit
529 1230 669 1281 consistere
680 1237 791 1285 rectum.

129 1297 205 1365 Illuc,
218 1298 289 1349 unde
301 1298 362 1364 abii,
374 1298 457 1364 redeo,
470 1315 546 1350 nemo
558 1304 590 1350 ut
601 1315 696 1351 aramis

129 1367 162 1420 Se
174 1367 266 1436 probet
278 1383 308 1418 ac
321 1367 407 1435 potius
420 1367 510 1419 laudet
522 1367 625 1420 diversa
637 1375 781 1436 sequentes,

131 1436 257 1503 Quodque
269 1437 356 1488 aliena
368 1436 470 1504 capella
481 1442 556 1503 gerat
568 1437 709 1490 distentius
721 1439 794 1507 uber,
870 1428 922 1522 noi

130 1504 263 1571 labescat,
275 1521 361 1573 neque
374 1523 400 1556 se
413 1506 504 1572 majori
517 1506 701 1573 pauperiorum
921 1525 922 1572 l

130 1572 222 1624 Turbae
235 1580 375 1642 comparet,
388 1575 459 1626 hunc
471 1579 550 1641 atque
562 1574 633 1626 hunc
646 1591 767 1644 superare
779 1576 886 1630 laboret.
921 1573 922 1624 Ϊ

129 1642 173 1695 Sic
184 1642 323 1696 festinanti
335 1661 436 1711 semper
447 1643 601 1710 locupletior
613 1643 705 1710 obstat,

130 1711 175 1777 Ut,
188 1728 269 1780 quum
282 1713 426 1765 carceribus
438 1713 528 1764 missos
540 1713 610 1779 rapit
622 1714 723 1780 ungula
735 1731 836 1782 currus

131 1779 218 1834 Instat
230 1782 303 1851 equis
316 1782 408 1848 auriga
420 1799 478 1833 suos
490 1781 663 1848 vincentibus,
676 1783 754 1835 illum

131 1849 300 1903 Praeteritum
312 1856 431 1902 temnens
444 1856 572 1902 extremos
585 1851 782 1907 intereuntem.

131 1919 197 1972 Inde
210 1920 248 1986 fit,
260 1925 292 1972 ut
302 1937 369 1987 raro,
382 1920 428 1987 qui
440 1937 467 1972 se
479 1919 576 1972 vixisse
587 1920 695 1972 beatum

131 1988 210 2040 Dicat
222 1995 249 2040 et
261 1995 353 2041 exacto
366 1994 505 2041 contentus
516 1995 633 2056 tempore
644 1990 702 2042 vita

132 2058 213 2110 Cedat
225 2058 267 2110 uti
279 2058 388 2112 conviva
400 2064 479 2124 satur,
491 2058 603 2125 reperire
615 2075 749 2126 queamus

131 2125 151 2178 J
152 2143 195 2177 am
207 2127 270 2179 satis
283 2132 329 2179 est.
365 2126 405 2178 Ne
416 2143 460 2178 me
472 2126 585 2194 Crispini
597 2128 692 2179 scrinia
703 2127 771 2196 lippi
871 2127 914 2178 lut

132 2195 288 2263 compilasse
300 2200 384 2263 putes,
396 2194 506 2248 verbum
517 2212 571 2247 non
582 2197 696 2266 amplius
708 2197 814 2251 addam

431 2361 560 2416 suman
578 2361 616 2417 ΙΙ.

130 2468 347 2522 Anauanrnnuu
360 2469 478 2538 collegia,
489 2471 705 2540 pharmacopelae,

130 2535 256 2600 Mendici,
268 2537 364 2602 mimae,
376 2537 530 2607 balatrones,
543 2541 592 2593 hcc
604 2559 688 2608 genus
700 2559 778 2596 omne

129 2600 254 2654 Mestum
266 2619 296 2655 ac
309 2604 452 2657 sollicitum
463 2612 503 2658 est
515 2609 628 2661 cantoris
639 2615 725 2664 morte
737 2610 849 2680 Tigelli:
