1866 2874
253 95 464 155 SATIRARUM
483 105 506 158 I.
525 111 550 161 4.
742 110 793 160 139

21 186 61 243 lloc
68 193 159 260 juret,
173 191 246 247 heud
258 197 326 274 illud
357 209 492 266 usercntes.
505 223 571 259 num
583 207 638 260 sine
651 223 736 278 sensu,

21 252 129 326 Tempore
139 277 209 312 num
222 262 323 314 fuerent
334 282 351 317 c
365 266 428 321 'eno
464 271 478 298 “
486 270 591 324 Laedere
602 273 726 340 gendes‚”

20 320 104 393 lnquit,
117 330 132 355 “
140 335 169 381 et
181 328 232 380 hoo
243 331 330 384 studio
343 351 439 401 prevns
451 338 540 391 fecis.”
575 341 652 393 Unde
664 343 778 409 petitum

19 391 61 446 Hoc
72 398 101 447 in
113 415 158 449 me
165 393 252 464 jecisl
271 399 319 452 Est
331 408 421 454 auctor
434 405 492 471 quis
504 405 616 474 denique
628 425 725 477 eorum,
763 415 798 464 80

19 457 65 514 liri
77 483 136 517 cnm
150 467 264 533 quibust
300 468 443 523 Absentem
455 474 501 540 qui
511 475 582 527 rodit
593 478 716 542 amicum,

19 528 55 591 Qui
65 551 119 586 non
130 534 252 586 defendit
263 536 315 588 ulio
327 539 459 606 culpante,
472 543 569 594 solutos

20 597 56 659 Qui
66 610 157 670 captet
169 604 239 655 risus
251 605 386 658 hominum
398 608 548 678 famamque
561 612 664 681 dicacis,

19 663 112 737 lingere
125 672 173 739 qui
186 689 240 724 non
251 674 308 726 vise
319 682 413 742 potest,
425 681 561 732 commisse
573 687 659 734 tecere

19 733 54 796 Qui
64 741 171 808 nequit;
189 741 234 792 hic
246 743 320 809 niger
332 751 378 810 est,
391 744 463 798 hunc
474 753 513 813 tu,
527 749 651 817 Romane,
664 760 762 808 cereto.

18 801 74 873 Saepe
85 809 171 861 tribus
183 809 260 862 lectis
271 811 360 864 rideas
373 831 475 867 coenare
487 825 635 885 quetemos,

17 869 129 942 lquibus
141 895 211 930 unus
224 885 295 932 emet
307 882 400 946 queris
412 883 566 953 adspergere
578 894 686 940 cunctos

18 937 173 1012 Pretereum,
179 947 329 1015 quipraebet
334 967 440 1017 squem3
448 960 513 1020 post,
519 954 698 1025 huncquoque
703 966 790 1029 pctus,

18 1007 111 1066 Condita
122 1033 204 1083 quum
216 1034 298 1070 verax
310 1020 395 1086 sperit
424 1023 549 1075 raecordiu
561 1024 644 1078 Liber.

16 1074 54 1132 Hic
65 1082 112 1134 tibi
125 1085 206 1136 comis
218 1091 245 1136 et
256 1086 373 1139 urbanus
385 1088 405 1140 li
437 1106 502 1157 rque
514 1091 627 1160 videtur,
755 1101 789 1150 90

15 1143 99 1203 lnfesto
107 1153 198 1219 nigris.
234 1154 298 1222 Ego,
311 1155 333 1207 si
345 1157 398 1222 risi,
410 1159 480 1226 quod
492 1160 598 1228 ineptus

15 1210 121 1272 Pastillos
133 1221 247 1274 Rufillus
259 1223 319 1289 olet,
332 1225 477 1293 (lergonius
489 1228 606 1293 hircum

14 1279 106 1340 lividus
117 1295 146 1342 et
157 1292 267 1343 mordax
279 1293 369 1346 videor
380 1294 446 1347 tibil
465 1296 566 1351 Mentio
579 1299 601 1351 si
614 1316 667 1367 qus

13 1347 43 1405 De
53 1356 191 1426 Capitolini
203 1361 281 1412 furtis
294 1361 392 1429 injectu
403 1363 493 1417 Petilli

13 1417 40 1473 le
49 1441 131 1478 eorem
142 1428 231 1494 fuerit,
244 1429 375 1496 defendas,
387 1437 418 1483 ut
431 1438 493 1486 tuus
505 1441 545 1487 est
556 1453 625 1490 mos:

11 1487 68 1546 “lle
79 1495 240 1564 Capitolinus
251 1499 399 1550 convictore
411 1516 474 1552 usus
486 1502 621 1570 amicoque

6 1555 30 1608 l
38 1577 111 1628 puero
122 1571 163 1617 est
174 1582 303 1634 causaque
314 1583 373 1618 mee
384 1567 516 1634 permulto
527 1576 634 1634 rogatus

6 1619 77 1698 'Fecit
88 1637 116 1686 et
126 1633 267 1686 incolumis
278 1634 353 1686 lector
364 1635 434 1703 quod
445 1637 512 1688 vivit
523 1637 553 1688 in
565 1638 641 1701 urbe;

11 1691 50 1749 Sed
61 1705 147 1754 temen
159 1703 280 1768 admiror,
293 1721 344 1771 quo
356 1710 433 1770 pacto
441 1705 572 1772 judicium
584 1706 651 1758 illud

10 1759 126 1833 Fugerit”
163 1771 217 1824 Hic
227 1771 311 1888 nippae
324 1788 401 1824 sucus
413 1772 535 1840 loliginis,
549 1773 604 1824 lraec
616 1781 656 1826 est
730 1779 781 1828 100

8 1827 93 1901 AEmgo
103 1853 192 1900 mem
210 1854 262 1904 quo

8 1897 82 1968 Atque
92 1905 182 1957 enimc
193 1906 273 1973 prins,
286 1912 318 1959 ut
330 1906 353 1958 si
365 1907 428 1974 quid
440 1909 592 1976 promittere
605 1911 637 1962 de
649 1927 691 1964 me

8 1961 102 2026 Possum
113 1973 188 2026 eliud
200 1990 267 2040 rere,
280 1975 411 2043 promitto.
448 1977 565 2029 Liberius
578 1979 600 2030 si

6 2033 89 2093 Dixero
100 2043 174 2110 quid,
187 2043 209 2094 si
220 2043 288 2096 forte
296 2045 417 2111 jocosus,
430 2045 479 2097 hoc
491 2047 557 2097 milri
565 2047 633 2114 juris

6 2101 63 2158 Cum
73 2112 147 2163 venie
160 2111 248 2164 debis:
265 2111 381 2165 insuevit
394 2120 468 2181 peter
480 2115 594 2182 optimus
607 2117 655 2168 hoc
667 2135 716 2184 me,

6 2169 37 2224 Ul
47 2175 160 2245 fugerem
173 2180 300 2249 exemplis
312 2181 434 2233 vitiorum
449 2201 558 2250 quaeque
570 2186 692 2239 notendo.

6 2239 83 2302 Quum
92 2265 134 2301 me
146 2249 302 2316 hortaretur,
315 2267 399 2318 perce,
412 2252 551 2319 frugaliter
562 2258 642 2320 etque

6 2307 114 2368 livorem
125 2318 168 2369 uti
181 2323 319 2370 contentus
332 2335 361 2370 eo
373 2321 442 2386 quod
454 2321 491 2371 mi
503 2321 559 2387 ipse
570 2329 700 2389 parasset:

6 2377 108 2436 “Nonne
119 2385 201 2452 vides,
214 2385 276 2437 Albi
287 2392 319 2439 ut
331 2387 399 2440 mele
411 2390 572 2456 vuettinus,
585 2399 668 2459 utque

6 2445 91 2503 Barrus
101 2453 193 2522 inopsl
211 2471 337 2520 magnum
350 2457 544 2522 documentum,
555 2476 588 2508 ne
601 2462 713 2525 petriam
726 2477 777 2509 rem

6 2513 103 2573 Perdere
115 2523 174 2590 quis
186 2523 274 2574 velit.”
311 2529 331 2574 A
345 2527 418 2592 turpi
430 2526 572 2575 meretricis
585 2543 671 2576 rmore
732 2530 772 2573 lll

6 2581 84 2652 tuum
95 2590 252 2645 deterreret:
271 2593 286 2620 “
294 2592 399 2645 Sceteui
411 2592 543 2642 dissimilis
555 2589 613 2642 sis.”

292 1837 388 1890 vitium
399 1840 490 1906 procul
502 1841 574 1892 afore
586 1841 690 1906 chartis,
