1866 2874
85 93 136 144 166
398 89 556 145 IIOltATII

82 183 159 236 Mille
171 184 251 246 cadis,
263 185 332 236 nihil
344 191 391 251 est,
404 191 552 238 tercentum
564 185 678 252 milibus,
691 203 751 238 aere

83 252 163 305 Petet
174 260 293 316 acetum
311 271 367 321 age,
380 254 441 306 siet
454 255 604 306 stramentis
616 255 731 322 incubet,
744 254 830 309 unde-

83 323 218 389 octoginta
230 339 312 374 annos
324 329 410 387 natus,
420 324 464 374 cui
477 324 594 390 stragula
606 325 692 387 vestis,

83 389 234 443 Blattarum
246 409 277 443 ac
290 392 421 443 tinearum
433 392 525 460 epulae,
539 399 671 460 putrescat
684 393 712 444 in
725 410 799 446 area:

84 457 217 510 Nimirum
229 460 337 510 insanus
349 461 439 527 paucis
452 461 580 527 videatur,
592 478 622 512 eo
635 461 705 529 qnod
827 465 882 515 120

85 526 207 579 Maxima
219 544 278 596 pars
291 528 427 580 hominum
439 528 528 581 morbo
536 531 655 596 jactatur
667 531 764 582 eodem.

84 593 168 647 Pilius
180 597 319 648 autetiam
332 597 388 649 haec
400 597 510 648 libertus
522 606 553 650 ut
566 599 653 650 ebibat
665 598 747 664 heres,

84 663 135 717 Dis
147 665 253 717 inimice
265 683 352 731 senex,
365 666 498 718 custodisl
517 666 556 717 Ne
569 667 618 718 tibi
631 667 716 719 desitl

85 732 249 796 Quantulum
262 735 332 785 enirn
345 752 451 786 summae
463 735 579 786 curtabit
591 736 701 802 quisque
713 735 824 796 dierum.

84 801 190 870 Ungere
202 803 224 854 si
237 804 323 855 caules
335 803 390 854 olco
403 804 509 855 meliore
522 812 654 872 caputque

85 870 198 939 Ooeperir
210 872 316 940 impexa
328 872 426 923 foedum
439 873 587 940 porrigine?
606 873 700 938 Quare,

85 938 114 991 Si
126 940 230 1007 quidvis
242 941 305 992 satis
317 946 364 999 est.
377 943 503 1008 perjuras,
516 941 630 1008 surripis,
643 943 731 992 aufers

85 1007 227 1075 Undiquel
245 1008 311 1059 Pun’
325 1009 419 1060 sanuel
438 1009 569 1077 Populum
581 1010 603 1060 ei
616 1011 713 1061 caedere
726 1009 796 1061 saxis

85 1076 201 1144 Incipias
214 1094 349 1144 servosque
362 1085 428 1144 tuos,
441 1096 505 1147 quos
517 1094 566 1128 are
579 1079 684 1145 pararis,

86 1143 215 1197 Insanum
227 1152 254 1197 te
265 1162 354 1197 omnes
365 1147 440 1214 pueri
453 1147 617 1214 clamentque
629 1147 738 1215 puellae:
824 1151 878 1200 130

86 1213 175 1276 Quum
186 1214 279 1282 laqueo
291 1232 400 1267 uxorem
412 1216 541 1267 interimis
553 1223 714 1284 matremque
727 1233 834 1278 veneno,

86 1280 215 1334 Incolumi
231 1284 318 1351 capite
332 1283 376 1335 esl
396 1285 465 1348 Quid
482 1283 569 1335 enimi
590 1285 681 1352 Neque
697 1292 729 1336 tu
743 1285 793 1336 hoc
810 1285 878 1336 facis

84 1348 256 1403 reseremus
265 1352 370 1404 demens
380 1353 533 1418 genitricem
543 1353 639 1405 occidis
649 1355 759 1407 Orestes.
772 1350 876 1421 [Argis,
928 1365 929 1416 t

86 1424 129 1474 An
141 1427 173 1474 tu
184 1422 247 1474 reris
260 1438 320 1473 eum
332 1421 416 1472 occisa
429 1419 555 1471 insanisse
567 1423 682 1486 parente,

86 1491 191 1543 Aenon
202 1495 265 1542 ante
276 1489 352 1541 malis
364 1489 511 1541 dementem
523 1495 612 1540 aetum
626 1487 718 1551 Furiis,
731 1503 813 1556 quam

88 1559 121 1612 In
133 1559 225 1611 matris
233 1559 329 1626 jugulo
341 1558 438 1610 ferrum
451 1558 574 1626 tepefecit
583 1564 691 1610 acutum
703 1555 713 1608 l
927 1597 928 1602 ,

89 1629 167 1693 Quin,
181 1645 214 1680 ex
227 1643 278 1692 quo
291 1632 330 1679 est
342 1627 447 1678 habitus
460 1627 528 1678 male
540 1633 606 1678 tutae
618 1626 714 1677 mentis
727 1625 838 1692 Orestes,
927 1607 928 1671 l

88 1697 134 1750 Nil
148 1713 209 1748 sane
221 1696 291 1760 fecit,
304 1695 373 1764 qnod
386 1701 417 1746 tu
429 1695 616 1763 reprehendere
628 1695 725 1762 possis:

89 1767 149 1820 Non
161 1765 279 1834 Pyladen
288 1764 356 1816 ferro
369 1764 465 1816 violare
477 1781 588 1815 aususve
600 1781 711 1815 sororem
723 1767 764 1814 est

89 1835 222 1889 Electram
233 1853 240 1898 ;
258 1839 363 1886 tantum
374 1833 443 1885 male
456 1833 521 1885 dicit
533 1833 637 1899 utrique
649 1831 767 1884 vocando
828 1835 881 1882 140
926 1845 927 1922 p

90 1905 168 1957 Hane
181 1903 295 1969 Furiam,
308 1903 379 1954 hunc
391 1902 471 1962 aliud,
480 1902 561 1968 jussit
573 1901 643 1966 quod
660 1899 799 1966 splendida
810 1897 880 1952 bilis.

86 1971 191 2042 Pauper
204 1974 323 2044 Opimius
335 1973 438 2042 argenti
451 1974 528 2042 positi
540 1974 613 2026 intus
625 1978 653 2025 et
665 1972 731 2038 auri,

87 2042 138 2106 Qui
151 2042 327 2097 Veientanum
339 2046 412 2096 iestis
424 2052 514 2112 potare
526 2043 617 2093 diebus

87 2112 220 2180 Campana
232 2113 323 2165 solitus
335 2112 415 2164 trulla
427 2126 591 2176 vappamque
603 2108 731 2176 profestis,
925 2113 926 2177 i

88 2181 226 2244 Quondam
237 2181 356 2246 lethargo
368 2178 462 2245 grandi
474 2183 513 2228 est
526 2194 668 2244 oppressus.
680 2185 713 2228 ut
725 2177 800 2228 heres

86 2249 107 2301 J
107 2266 151 2300 am
163 2251 261 2300 circum
273 2247 370 2299 loculos
383 2253 410 2297 et
422 2246 507 2297 claves
519 2245 597 2296 letus
608 2262 741 2311 ovansque

88 2317 214 2368 Ourreret.
250 2315 329 2368 Hunc
340 2315 457 2366 medicus
469 2314 584 2367 multum
596 2313 664 2364 celer
676 2320 756 2380 atque
768 2312 857 2364 fidelis

87 2383 195 2435 Excitat
206 2383 256 2436 hoc
268 2391 357 2452 pacto:
375 2401 492 2435 mensam
505 2383 566 2451 poni
575 2381 653 2450 jubet
665 2389 745 2448 atque
924 2381 925 2428 t

87 2451 195 2504 Effundi
208 2469 293 2505 saccos
305 2469 478 2518 nummorum,
491 2453 612 2504 accedere
625 2451 712 2518 plures
828 2453 881 2500 149

88 2519 129 2571 Ad
142 2520 331 2573 numerandum
338 2539 346 2582 ;
363 2521 496 2573 hominem
508 2522 544 2573 sic
557 2520 649 2587 erigit;
666 2518 742 2571 addit
754 2521 781 2570 et
794 2517 881 2572 illud:

89 2586 104 2614 ‘⁴
111 2585 137 2636 N
138 2585 149 2637 i
160 2591 208 2637 tua
220 2583 343 2651 custodis,
355 2584 449 2638 avidus
457 2587 516 2654 jem
527 2586 583 2640 hac
595 2587 697 2641 auferet
711 2583 812 2640 heres?¹
