1866 2874
150 107 184 157 94
466 109 617 162 nostru

252 214 313 269 Non
324 220 386 270 ante
398 217 520 286 vulgatas
532 236 579 288 per
590 225 660 274 artes

284 287 370 341 Verba
380 289 473 356 loquor
484 289 607 342 socianda
618 290 734 346 chordis:

212 351 280 422 Non,
293 356 315 408 ei
327 359 424 424 priores
435 358 563 410 Maeoniue
576 363 650 412 tenet

211 421 291 476 Sedes
303 425 440 493 Homerus,
453 426 599 482 Pindaricae
610 427 696 482 latent

251 491 360 562 Oeaque
371 500 399 547 et
410 495 494 548 Alcssi
504 496 620 550 minaces

280 561 473 633 Stesichorique
484 582 577 632 graves
589 565 708 619 Oameuae
714 584 723 631 ;

210 628 274 697 Nec,
286 631 309 682 si
321 632 385 699 quid
396 633 459 686 olim
471 633 536 686 lusit
547 633 691 702 Anacreon,

209 697 316 752 Delevit
328 705 404 766 aetas3
423 702 505 770 spirat
517 703 604 756 adhuc
615 720 688 757 amor

244 767 397 837 Vivimtque
409 771 538 824 commissi
550 771 647 825 calores

277 836 369 890 AEoliae
381 839 477 892 fidibus
489 840 592 908 puellae.

206 903 267 957 Nou
279 905 333 958 sola
345 913 460 978 comptus
472 909 537 962 arsit
548 909 663 963 adulteri

207 972 296 1026 Orines
308 980 335 1028 et
346 992 441 1029 aurum
452 977 568 1031 restibus
580 979 680 1032 illitum

239 1040 339 1096 Mirata
350 1045 501 1114 regalesque
513 1047 601 1100 cultus

274 1110 310 1163 Ht
322 1114 428 1167 comites
441 1115 542 1168 Helene
554 1116 673 1185 Lacaens,

204 1177 342 1234 Primusve
354 1181 452 1236 Teucer
463 1184 517 1238 tela
529 1185 644 1254 Cydonio

203 1246 309 1302 Direxit
321 1267 399 1316 arcu;
417 1269 470 1306 non
482 1255 562 1306 semel
574 1255 636 1308 Hios

238 1318 356 1384 Vexata3
373 1338 428 1374 non
457 1324 569 1390 ugnas-it
581 1323 673 1392 ingens

271 1388 426 1443 Idomeneus
438 1339 610 1446 ithenelusve
622 1393 692 1446 solus

201 1453 320 1510 Dicenda
331 1457 415 1511 Musis
427 1460 534 1528 proelis3
551 1479 605 1514 nou
616 1462 691 1515 ferox

202 1523 301 1578 Hector
313 1527 355 1579 vel
367 1544 427 1582 acer
437 1530 591 1598 Deiphobus
602 1548 695 1600 graves

234 1591 347 1662 Excepit
357 1596 427 1650 ictus
439 1615 487 1666 pro
498 1599 600 1667 pudicis

270 1662 428 1732 (lonjugibus
439 1669 578 1737 puerisque
589 1668 698 1738 primus.

200 1727 297 1784 Vixere
308 1732 388 1786 fortes
399 1740 462 1788 ante
474 1739 672 1806 Agamemnona

197 1795 280 1852 Multi
286 1819 294 1866 ς
312 1802 357 1854 sed
369 1819 457 1858 omnes
468 1805 662 1862 illscrimnbiles

233 1867 367 1945 Urgentur
378 1873 516 1944 ignotique
527 1877 607 1945 longe

265 1939 358 2008 Nocte,
371 1949 462 1997 carent
474 1945 537 2013 quia
548 1954 610 1999 vate
622 1963 701 2001 sacro.

196 2004 322 2062 Paullum
334 2013 443 2080 sepultae
456 2013 538 2067 distat
550 2015 652 2068 inertiae

196 2075 287 2130 Celata
298 2079 389 2133 virtus.
423 2081 451 2134 N
451 2098 485 2134 on
496 2100 544 2150 ego
557 2091 584 2137 te
595 2085 660 2137 meis

230 2145 333 2200 (thar-tis
345 2149 497 2203 inornatum
509 2152 596 2222 silebo,

263 2215 344 2270 'Potve
356 2224 416 2272 tuos
427 2221 515 2287 patior
526 2221 626 2278 labores

194 2278 236 2332 Im
255 2301 314 2351 une,
327 2284 402 2354 Lolli,
415 2304 520 2357 carpere
532 2291 627 2344 lividas

194 2299 350 2406 Obliviones
385 2355 434 2408 Est
445 2359 548 2412 animus
560 2360 611 2413 tibi

227 2417 378 2486 Rerumque
389 2425 504 2490 prudens
517 2433 544 2479 et
556 2431 678 2484 secundis

220 2549 226 2562 .
261 2485 430 2553 Temporibus
443 2492 580 2565 dubiisque
590 2505 678 2552 rectus
685 2519 693 2565 ;

193 2548 298 2602 deex
309 2569 395 2607 avara
406 2557 507 2613 fraudis
519 2571 546 2616 et
557 2564 693 2621 abstinens

191 2614 319 2672 Ducentis
331 2621 365 2672 ad
377 2639 404 2676 se
417 2633 511 2682 cunam
521 2635 650 2703 pecunia,
