1908 2886
307 129 374 184 ARS
392 130 548 184 Pontice.
767 129 817 179 241

42 233 143 302 Pythias
156 238 280 286 emuncto
292 233 393 286 lucrata
405 233 510 286 Simone
523 235 660 302 talentum,

42 306 78 356 Au
89 312 173 355 custos
186 303 351 370 famulusque
364 303 413 354 Dei
425 303 528 356 Silenus
540 305 648 356 alumni.

43 373 77 424 Ex
89 380 149 424 noto
161 373 254 423 fictum
266 389 371 424 carmen
384 389 482 441 sequar,
495 382 527 425 ut
539 373 588 424 sibi
601 372 686 441 quivis
770 371 822 422 rto

43 442 127 510 Speret
139 443 217 507 idem,
230 441 306 493 sudet
315 441 428 494 multam
440 443 589 510 frustraque
600 443 701 494 laboret

44 514 123 562 Ausus
136 511 220 562 idem:
238 515 344 562 tantum
357 512 433 562 series
442 513 621 578 junctumque
633 511 722 579 pollet,

43 581 152 633 Tantum
164 580 294 631 demedio
306 580 416 648 sumptis
428 579 529 632 accedit
541 581 651 634 honoris.

43 649 116 702 Silvis
128 649 236 701 deducti
248 656 358 701 caveant
369 665 411 700 rne
419 650 509 717 judice
523 650 614 716 Fauni,

43 719 81 774 Ne
92 718 166 770 velut
177 718 263 770 innati
276 719 360 770 triviis
372 735 403 770 ac
416 735 489 786 paene
501 718 615 771 forenses

43 791 95 840 Aut
105 787 217 839 nimium
229 787 324 840 teneris
332 790 494 854 juvenentur
505 788 620 840 versibus
633 804 757 857 unquam,

44 858 96 909 Aut
107 856 243 908 immunda
255 863 362 924 crepent
374 857 597 925 ignominiosaque
608 857 695 921 dicta;

9 941 10 998 J
45 925 218 980 Offenduntur
230 927 307 992 euim,
320 925 414 994 quibus
426 934 465 978 est
478 943 559 994 equus
571 933 598 978 et
609 933 684 996 pater
696 932 784 988 atres,

45 995 103 1061 Nec,
116 995 139 1047 si
151 994 214 1063 quid
226 993 298 1046 fricti
311 994 400 1046 ciceris
412 995 505 1062 probat
517 1000 544 1046 et
555 997 630 1048 nucis
642 1000 749 1065 emptor,

45 1065 136 1130 AEquis
148 1063 283 1131 accipiunt
294 1063 388 1116 animis
400 1063 531 1116 donantve
544 1081 643 1118 corona.
776 1064 828 1116 250

46 1132 150 1202 Syllaba
162 1132 241 1199 longa
252 1133 324 1184 brevi
336 1132 451 1200 subjecta
463 1139 571 1186 vocatur
583 1133 692 1200 iambus,

46 1202 94 1255 Pes
105 1202 174 1254 citus
181 1220 188 1264 ς
207 1201 277 1253 unde
290 1202 370 1254 etiam
382 1203 507 1254 trimetris
520 1219 663 1255 accrescere
671 1203 752 1272 jussit

46 1271 146 1324 Nomen
157 1271 272 1336 tambeis,
285 1288 367 1339 quum
379 1288 452 1323 senos
464 1271 583 1324 redderet
594 1272 663 1325 ictus

46 1339 195 1394 Primus-ed
207 1346 354 1392 extremum
366 1340 458 1391 similis
470 1339 525 1392 sibi.
561 1341 620 1393 Non
633 1343 671 1394 ita
683 1340 791 1408 pridem,

45 1409 153 1464 Nardior
164 1415 196 1460 ut
208 1409 297 1476 paullo
309 1409 463 1477 graviorque
476 1409 577 1461 veniret
590 1410 622 1461 ad
635 1427 718 1478 aures,

46 1478 177 1548 Spondeos
190 1478 295 1530 stabiles
307 1479 334 1530 in
343 1480 406 1546 jura
417 1484 527 1546 paterne
538 1480 636 1548 recepit

46 1547 201 1602 Commodus
214 1555 239 1599 et
251 1548 361 1616 patiens,
374 1563 426 1598 non
439 1557 470 1598 ut
481 1547 513 1599 de
526 1549 584 1600 sede
598 1548 712 1601 secunda

46 1618 155 1671 (lederet
167 1622 215 1669 aut
228 1624 321 1684 quarta
333 1616 469 1668 socialiter.
505 1616 557 1669 Hic
569 1624 596 1669 et
608 1618 636 1670 in
649 1617 713 1670 Acci

45 1686 186 1741 Nobilibus
197 1686 322 1738 trimetris
335 1693 444 1754 apparet
455 1703 538 1748 rarus,
550 1692 577 1738 et
589 1685 661 1738 Enni

45 1757 77 1809 Iu
91 1772 198 1810 scenam
208 1755 299 1808 missos
312 1771 371 1807 curn
383 1772 478 1822 magno
491 1755 603 1823 pondere
615 1771 712 1826 uersus,
781 1755 834 1808 260

44 1828 101 1879 Aut
113 1841 198 1894 operae
211 1824 300 1877 celeris
313 1823 423 1876 nimium
437 1841 551 1891 curaque
563 1825 684 1895 carentis,

45 1897 103 1948 Aut
115 1894 242 1962 ignoratae
255 1894 351 1962 premit
363 1894 426 1945 artis
438 1893 546 1945 crimine
558 1895 637 1963 turpi.

44 1965 106 2016 Non
119 1963 206 2032 quivis
218 1963 290 2014 videt
301 1962 473 2014 immodulata
485 1964 607 2030 poemata
615 1962 707 2031 judex,

43 2034 80 2086 Et
93 2033 161 2086 data
172 2032 296 2084 Romanis
307 2032 384 2084 venia
396 2037 436 2084 est
446 2031 555 2099 indigua
567 2033 659 2100 poetis.

45 2103 184 2156 Idcircone
197 2119 276 2169 vager
288 2101 449 2168 scribamque
460 2100 586 2153 licenteri
604 2119 639 2153 an
651 2115 739 2153 omnes

46 2172 160 2224 Visuros
172 2179 279 2240 peecata
291 2177 382 2239 putem
394 2187 459 2236 mea,
471 2175 546 2223 tutus
558 2176 585 2222 et
596 2171 667 2222 intra

46 2240 128 2310 Spem
141 2240 225 2291 veniae
239 2238 349 2292 centusi
369 2239 458 2291 Vitari
470 2239 582 2306 denique
595 2240 708 2308 culpam,

46 2308 109 2362 Non
122 2309 230 2361 laudem
241 2308 333 2361 merui.
368 2307 421 2360 Vos
433 2308 592 2376 exemplaria
605 2309 694 2363 Graeca

46 2378 190 2430 Nocturna
202 2384 303 2430 versate
315 2394 403 2442 manu,
416 2385 516 2430 versate
529 2378 630 2432 diurna.

47 2446 85 2498 At
99 2447 181 2501 vestri
195 2447 284 2514 proavi
297 2446 435 2498 Plautinos
447 2458 473 2498 et
485 2464 605 2500 numeros
618 2454 645 2500 et
788 2449 840 2503 270

49 2515 206 2569 Laudeuere
218 2515 297 2568 sales:
316 2515 427 2566 nimium
439 2517 569 2584 patienter
581 2524 729 2588 utrumque,

50 2584 91 2636 Ne
104 2585 193 2637 dicam
206 2585 294 2651 stulte,
306 2585 402 2651 mirati,
415 2584 525 2637 simodo
537 2603 585 2653 ego
597 2593 624 2638 et
637 2605 681 2640 vos

51 2652 156 2708 Scimus
169 2653 328 2708 inurbanum
340 2653 426 2722 lepido
439 2671 560 2722 seponere
573 2655 650 2719 dicto,

88 2737 155 2780 ROB·
446 2745 466 2781 R
