1908 2886
126 93 176 144 186
441 93 593 148 HORATII

127 199 243 251 Affertur
255 202 359 270 squillas
371 203 440 256 inter
451 220 560 256 murena
571 208 693 254 natantes
798 200 914 272 [inquit

128 267 160 320 ln
177 271 269 337 patina
283 279 408 338 porrecta.
445 273 501 325 Sub
516 273 565 327 hoc
582 273 667 334 herus,
693 273 772 326 ‘Haec
784 275 914 342 gravidas

127 338 227 406 ‘Capta
238 345 285 406 est,
298 341 409 394 deterior
420 349 479 412 post
490 349 596 412 partum
608 359 686 395 carne
697 343 796 396 futura

125 412 177 465 His
188 414 302 465 mixtum
311 415 355 482 jus
367 420 419 466 est:
438 414 501 480 oleo,
514 415 583 483 quod
595 414 680 482 prima
692 413 802 466 Venafri

123 481 219 536 Pressit
230 483 296 535 cella
303 502 310 546 ς
328 500 391 550 garo
403 483 435 535 de
447 483 529 535 succis
542 485 619 552 piscis
633 483 718 547 Iberi;

122 552 190 604 Vino
202 552 372 620 quinquenni,
384 570 475 604 verum
487 553 553 604 citra
565 570 636 604 mare
649 559 717 618 nato,

121 620 192 674 Dum
205 621 327 688 coquitur
334 639 342 685 ;
353 650 389 660 -
400 628 473 674 cocto
486 622 580 674 Chium
592 622 629 674 eie
641 621 770 687 convenit,
782 625 815 674 ut
827 639 882 674 non

122 689 179 742 Hoc
191 691 274 758 magis
286 691 371 744 ullum
383 691 455 743 aliud
463 709 470 754 ;
479 720 514 729 -
523 692 611 759 pipere
623 691 689 758 albo,
698 708 751 742 non
759 690 816 743 sine
828 697 912 755 aceto,

123 759 198 822 Quod
210 759 415 828 Methymnaeam
427 760 492 813 vitio
504 761 646 812 mutaverit
658 777 745 813 uvam.
877 765 912 812 50

121 828 220 882 Erucas
232 829 334 896 virides,
347 829 433 880 inulas
445 846 493 896 ego
505 830 605 897 primus
617 847 718 882 amaras

121 897 267 951 Monstravi
279 900 423 967 incoquere,
435 899 524 950 illutos
538 899 663 951 Curtillus
675 899 787 966 echinos,

121 968 159 1020 Ut
171 968 263 1020 melius
275 969 360 1020 muria
373 967 442 1036 quod
453 974 522 1020 testa
532 969 635 1020 marina
646 968 776 1022 remittit'

121 1036 227 1089 Interea
239 1054 362 1106 suspense
373 1055 465 1104 graves
477 1038 561 1090 aulaea
573 1038 662 1090 ruinas

122 1104 156 1158 In
167 1107 286 1174 patinam
297 1108 387 1174 fecere,
401 1107 534 1159 trahentia
546 1107 660 1175 pulveris
673 1107 724 1160 atri

122 1175 258 1239 Quantum
269 1193 321 1228 non
333 1177 429 1244 Aquilo
442 1176 580 1245 Campanis
592 1177 692 1228 excitat
704 1177 782 1244 agris.

121 1244 174 1298 Nor
186 1247 271 1313 majus
283 1246 367 1312 veriti,
379 1251 517 1314 postquam
528 1246 596 1298 nihil
608 1263 662 1298 esse
674 1246 766 1314 pericli

122 1313 261 1383 Sensimus,
274 1315 404 1383 erigimur.
441 1315 526 1367 Rufus
538 1316 622 1383 posito
634 1316 728 1384 capite,
741 1321 771 1368 ut
783 1315 806 1368 si

120 1383 205 1436 Filius
217 1385 373 1436 immaturus
385 1382 486 1452 obisset,
498 1385 566 1438 flere.
603 1385 667 1448 Quis
679 1390 746 1438 esset

122 1453 203 1521 Finis,
215 1455 244 1506 ni
256 1455 358 1522 sapiens
370 1454 407 1506 eie
419 1455 598 1506 Nomentanus
610 1455 725 1506 amicum
877 1457 907 1506 60

124 1526 253 1580 Tolleret:
272 1526 357 1592 ‘Heu,
370 1525 493 1591 Fortuna,
506 1525 565 1592 quis
577 1533 617 1576 est
629 1523 757 1576 crudelior
768 1523 798 1576 in
808 1538 855 1574 nos

124 1595 161 1648 ‘Pe
173 1597 244 1648 Deus
256 1595 266 1648 ‘l
302 1594 340 1646 Ut
352 1612 452 1662 semper
464 1594 560 1661 gaudes
572 1593 682 1645 illudere
694 1593 771 1645 rebus

126 1665 258 1718 Humanis
271 1665 286 1719 !'
305 1663 402 1715 Varius
414 1680 510 1731 mappa
522 1679 682 1730 compescere
694 1664 777 1714 risum

126 1734 180 1787 vix
192 1741 302 1804 poterat.
339 1733 444 1784 Balatro
457 1732 616 1800 suspendens
628 1733 716 1785 omnia
727 1747 798 1799 naso,

126 1805 207 1858 ‘Haec
220 1810 259 1857 est
271 1803 386 1855 conditio
398 1800 518 1868 vivendi,'
531 1800 625 1866 aiebat,
638 1803 733 1869 ‘eoque

121 1877 285 1946 Responsura
297 1882 343 1926 tuo
355 1889 492 1940 nunquam
504 1878 543 1924 est
555 1889 603 1939 par
614 1872 686 1923 fama
696 1871 787 1924 labori.

120 1947 196 2014 Tene,
209 1953 239 1998 ut
251 1962 298 2012 ego
311 1944 424 2011 accipiar
436 1943 513 2008 laute,
527 1940 669 2009 torquerier
681 1941 753 1992 omni

120 2015 304 2070 Sollicitudine
317 2013 472 2076 districtum,
484 2029 518 2062 ne
529 2011 605 2078 panis
618 2010 735 2076 adustus,

121 2086 161 2138 Ne
172 2086 241 2139 male
254 2083 389 2136 conditum
398 2084 442 2149 jus
454 2086 608 2148 apponatur,
621 2086 652 2131 ut
665 2095 753 2130 omnes

122 2154 261 2208 Praecincti
273 2161 343 2205 recte
355 2151 429 2219 pueri
442 2149 589 2218 comptique
601 2147 770 2200 ministrentl
871 2147 906 2199 70

120 2225 197 2277 Adde
208 2225 255 2276 hos
267 2229 393 2292 praeterea
405 2235 485 2284 casus,
498 2219 584 2270 aulaea
594 2225 673 2270 ruant
685 2218 714 2284 si,

121 2293 159 2345 Ut
170 2293 264 2353 modo;
282 2291 304 2342 si
316 2291 434 2359 patinam
446 2289 511 2356 pede
523 2288 612 2356 lapsus
624 2288 730 2354 frangat
742 2302 827 2354 agaso

121 2359 172 2412 Sed
185 2359 357 2410 convivatoris
370 2357 410 2408 uti
421 2357 496 2408 ducis
508 2357 644 2423 ingenium
655 2373 696 2408 res

122 2427 244 2482 Adversae
256 2425 355 2476 nudare
368 2425 458 2487 solent,
471 2424 554 2475 celare
567 2425 704 2476 secundae?

122 2492 279 2547 Nasidienus
291 2491 325 2539 ad
336 2492 391 2542 haec
403 2510 409 2545 :
427 2492 502 2542 ‘Tibi
513 2492 558 2556 Di,
570 2509 734 2562 quaecunque
746 2492 862 2562 preceris.

120 2555 260 2608 Commoda
272 2553 350 2608 dent!
388 2558 430 2608 Ita
442 2561 482 2609 vir
494 2561 577 2612 bonus
589 2580 616 2612 es
628 2564 790 2631 convivaque
802 2561 895 2616 comis.²

146 2630 156 2672 t
168 2622 249 2674 soleas
261 2623 350 2688 poscit.
386 2624 452 2674 'lum
465 2627 492 2676 in
505 2628 572 2680 lecto
585 2647 689 2698 quoque
701 2632 801 2685 videres
