1866 2874
252 416 286 477 Q·
312 414 516 469 HORATII
543 409 714 464 FLACCI

131 571 845 667 SATIRARUM

299 758 426 812 LIBER
450 753 670 811 SECUNDUS.

397 1020 524 1074 SATIRA
544 1020 566 1072 Ι.

92 1129 197 1196 “Seno',
211 1127 304 1195 quibus
317 1129 345 1181 in
358 1130 438 1181 satira
451 1129 541 1181 videor
551 1127 630 1180 nimis
643 1144 702 1180 eoer
713 1131 741 1178 et
752 1124 826 1177 ultra

93 1199 189 1267 Legem
202 1197 308 1250 tendere
320 1214 385 1264 opus
396 1218 402 1259 ;
421 1199 477 1249 sine
489 1198 575 1248 nervis
587 1197 677 1261 altera,
689 1194 821 1263 quidquid

93 1267 241 1335 composui,
254 1283 312 1333 pars
325 1283 379 1318 esse
392 1273 470 1333 putat
483 1265 630 1332 similesque
642 1279 759 1316 meorum

92 1334 167 1388 Mille
179 1335 225 1387 die
235 1351 322 1386 verens
335 1335 429 1385 deduci
442 1351 522 1423 posse.
558 1333 671 1398 Trebati,

93 1403 164 1485 Qnid
183 1404 283 1485 faciam,
296 1402 457 1472 praesoribe.'
493 1403 507 1430 “
517 1400 664 1466 Quieeeas.'’
700 1401 715 1428 “
723 1399 763 1452 Ne
774 1397 884 1466 faciam,

126 1489 153 1524 1n
172 1490 221 1537 uis,

92 1489 346 1592 Omninoversnei”
370 1538 466 1591 “Aia''
501 1539 632 1590 “Peream
644 1537 719 1603 male,
732 1536 820 1588 sinon

92 1608 227 1677 Optimum
239 1615 312 1659 erat:
331 1625 421 1660 vemm
434 1625 533 1676 nequeo
545 1607 680 1659 dormire?
715 1605 787 1656 “Ter
804 1604 885 1657 unoti

91 1677 254 1729 Tranenento
267 1675 387 1741 Tiberim,
400 1694 489 1728 somno
502 1675 594 1736 ouibus
607 1682 646 1727 est
658 1691 723 1743 opus
735 1673 797 1738 alto,

92 1745 275 1813 Irrigunmque
288 1761 358 1796 mero
371 1745 419 1796 sub
432 1752 534 1796 noctem
547 1761 639 1811 eorpus
651 1743 773 1796 habento.

92 1817 154 1879 Aut,
167 1815 188 1866 si
201 1821 292 1866 tantus
304 1830 376 1865 amor
388 1813 517 1866 scribendi
529 1821 555 1864 te
567 1830 596 1864 ra
616 1813 644 1874 it,
656 1812 724 1864 aude
844 1812 885 1862 10

91 1883 199 1936 Caesaris
211 1882 305 1934 invicti
317 1899 357 1933 ree
370 1882 461 1947 dicere,
474 1883 560 1934 multa
572 1881 598 1933 la
630 1897 690 1932 rum

91 1951 203 2005 Praemia
214 1949 342 2003 laturue.”
378 1953 392 1978 “
401 1951 540 2018 Cupidum,
553 1958 627 2017 pater
639 1949 745 2016 optime,
758 1947 826 2000 vires

91 2019 241 2073 Deficiunt:
259 2020 426 2088 nequeenim
439 2019 524 2086 quivis
537 2018 670 2070 horrentia
682 2016 743 2136 pilis

91 2089 205 2156 Agmina
217 2105 266 2140 neo
278 2088 363 2140 fracta
375 2095 513 2156 pereuntes
525 2087 633 2154 cuspide
645 2087 684 2139 Ga
695 2085 733 2137 loe

92 2156 149 2208 Ant
160 2156 272 2208 labentia
284 2174 351 2224 equo
364 2157 493 2210 describat
505 2157 614 2208 vulnera
627 2153 744 2206 Parthi’*
927 2151 928 2214 i

90 2224 240 2277 “Attamen
253 2232 280 2277 et
289 2227 392 2293 justum
405 2232 508 2294 poterae
520 2233 547 2277 et
559 2223 669 2277 seribere
680 2223 784 2289 fortem,
927 2221 928 2273 i

56 2343 60 2348 .
90 2291 241 2360 Scipiadam
252 2300 284 2345 ut
296 2296 400 2362 sapiens
413 2293 554 2346 Luciliua’'
589 2294 604 2321 “
612 2292 693 2344 Haud
704 2291 772 2343 mihi
784 2291 872 2359 deero,

79 2361 179 2424 *Quum
191 2377 232 2413 res
245 2362 302 2428 ipsa
314 2363 387 2416 feret.
423 2364 481 2416 Nisi
493 2363 586 2414 dextro
598 2369 721 2428 tempore,
735 2360 827 2413 Flacci

84 2427 177 2480 verna
222 2447 235 2480 r
247 2435 377 2483 attentam
389 2449 442 2485 non
454 2432 531 2483 ibunt
543 2431 650 2483 Gaesern
662 2446 762 2495 aurem,

85 2496 134 2550 eui
146 2511 190 2545 ma
201 2513 218 2544 e
228 2497 255 2547 ai
268 2498 381 2565 palpere,
394 2499 542 2552 recalcitrat
554 2498 672 2565 undique
684 2495 786 2550 tutue.''
849 2499 886 2550 20

85 2566 100 2594 “
111 2563 216 2627 Quanto
228 2563 330 2612 rectius
342 2564 392 2615 hoo
404 2582 483 2630 qnam
496 2567 567 2616 tristi
579 2565 672 2618 laedere
684 2583 761 2618 versu

85 2627 264 2685 Pantolabum
276 2634 375 2670 ww
409 2629 435 2648 ¹*
447 2637 658 2700 *nentanumque
669 2635 812 2704 nepotem!
