1866 2874
270 112 482 168 SATIRARUM
502 114 542 166 ΙΙ.
561 118 585 165 4.
775 122 825 174 173

37 215 188 272 Pectinibus
200 215 299 284 patulis
309 216 395 282 jactat
407 231 434 267 se
446 213 524 266 molle
536 214 689 266 Parentum.

37 284 59 336 N
61 303 89 338 ec
102 287 152 338 sibi
166 301 301 338 coenarum
314 284 401 350 quivis
413 289 511 336 temere
523 283 630 350 adroget
642 291 734 353 artem,

37 353 93 406 Non
105 356 181 422 prius
193 359 289 406 exacta
300 353 375 406 tenui
387 353 489 406 ratione
501 369 631 420 saporum.

37 421 59 473 N
60 440 87 474 ec
100 424 165 474 satis
179 429 218 475 est
232 439 292 474 cara
304 422 388 489 pisces
400 427 517 472 avertem
528 437 626 486 mensa,

4 509 5 512 ¹
38 489 163 558 Ignarum
175 491 271 559 quibus
283 497 324 542 est
332 491 377 560 jus
389 491 478 556 aptius
490 495 518 542 et
529 488 624 556 quibus
636 488 702 542 assis

38 559 188 627 Languidus
200 560 229 612 in
241 559 360 612 cubitum
368 560 426 624 jam
438 574 465 612 se
477 557 587 610 censiva
598 563 717 625 reponet.

39 626 133 680 Umber
145 635 172 680 et
185 628 268 694 iligna
279 628 398 680 nutritus
410 626 506 693 glande
518 627 644 678 rotundas
794 633 830 682 40

38 696 134 749 curvat
146 713 209 764 aper
222 696 310 748 lances
323 712 428 750 carnem
441 695 551 748 vitantis
563 695 691 758 inertem

37 764 101 816 Nam
115 765 233 816 Laurens
245 764 330 816 malus
343 771 390 830 est,
403 763 472 816 ulvis
484 770 511 814 et
523 763 651 816 arundine
665 764 778 832 pinguis.

38 832 119 885 Vinea
132 833 267 887 submittit
279 849 385 900 capreas
397 849 450 884 non
463 849 563 899 semper
575 831 672 884 edules.

38 900 166 954 Fecundae
179 902 274 968 leporis
287 903 390 968 sapiens
402 901 545 954 sectabitur
557 917 648 952 armos.

37 969 155 1022 Piscibus
167 976 248 1037 atque
260 970 353 1022 avibus
365 985 423 1036 qum
436 976 533 1022 natura
544 975 572 1020 et
583 969 651 1021 foret
663 973 734 1036 atas,

38 1039 103 1091 Ante
115 1056 206 1091 meum
218 1039 285 1090 nulli
298 1039 386 1106 patuit
398 1039 509 1104 quaesita
521 1037 647 1105 palatum.

38 1107 110 1176 Sriut,
122 1125 236 1175 querum
248 1107 384 1174 ingenium
396 1123 465 1158 nova
477 1112 582 1158 tantum
595 1106 714 1160 crustula
724 1105 829 1175 promit.

38 1175 209 1243 Nequaquam
221 1176 284 1227 satis
297 1175 325 1226 in
337 1193 365 1228 re
377 1192 432 1228 una
444 1191 595 1226 consumere
607 1192 713 1238 curam;

39 1243 70 1297 Ut
83 1245 178 1312 siquis
192 1244 276 1296 solum
289 1244 345 1309 hec,
358 1243 428 1296 mala
440 1260 473 1295 ne
487 1247 539 1295 sint
552 1243 622 1309 vina,
634 1242 741 1309 laboret,

4 1351 5 1354 ,
39 1314 112 1376 Quali
126 1313 269 1381 perfundat
281 1313 364 1380 pisces
377 1329 483 1364 securus
495 1312 570 1365 olivo.
794 1313 829 1362 60

38 1380 149 1434 Massica
162 1382 184 1432 si
196 1381 260 1432 coelo
273 1398 402 1448 suppones
415 1381 477 1432 vina
489 1397 585 1445 sereno,

38 1449 180 1515 Nocturna,
193 1449 291 1516 siquid
305 1451 383 1502 crassi
396 1456 442 1514 est,
455 1447 609 1500 tenuabitur
621 1463 685 1500 aura

4 1563 5 1580 ς
38 1517 68 1570 Et
80 1519 193 1571 decedet
205 1519 267 1570 odor
279 1519 366 1569 nervis
378 1519 516 1579 inimicum
534 1525 563 1569 at
574 1517 622 1570 illa

40 1586 177 1654 lntegrum
189 1587 304 1654 perdunt
316 1587 370 1639 lino
383 1587 479 1638 vitiata
491 1603 615 1654 saporem.

36 1656 192 1708 Surrentina
204 1656 278 1707 vafer
290 1657 335 1720 qui
347 1657 440 1707 miscet
452 1655 515 1706 faece
529 1654 640 1707 Falerna

37 1725 112 1789 Vina,
125 1724 276 1776 columbino
288 1723 382 1774 limum
394 1724 460 1774 bene
472 1723 573 1790 colligit
586 1740 641 1790 ovo,

37 1793 173 1857 Quatenus
184 1793 238 1844 ima
250 1793 319 1860 petit
331 1792 436 1844 volvens
448 1791 535 1844 aliena
546 1792 661 1844 viteNus.

36 1862 121 1914 'lestis
132 1867 294 1913 marcentem
306 1861 406 1928 squillis
418 1858 544 1912 recreabis
557 1865 584 1911 et
596 1860 662 1912 Afra

36 1930 159 1984 Peterem
172 1930 291 1992 coclilea;
309 1945 371 1980 nam
383 1929 487 1981 lactuca
498 1929 603 1980 innatat
615 1927 669 1980 acri

36 1999 97 2052 Post
110 2000 204 2051 vinum
217 1998 364 2059 stomach0;
382 2014 464 2064 perna
475 1997 559 2064 magis
571 2014 602 2048 ac
613 1995 698 2064 magis
710 1995 782 2049 hillis
794 1999 827 2049 dt)

36 2068 155 2136 Nlagitat
168 2068 328 2118 immersusm
340 2066 426 2129 relici;
445 2066 509 2132 quin
521 2066 609 2116 omnia
620 2065 704 2131 malit,

37 2137 206 2204 Quaecunque
218 2134 360 2187 immundis
372 2135 476 2186 fervent
488 2133 569 2186 allata
581 2134 691 2200 popinis.

36 2205 81 2258 Est
94 2222 182 2274 operae
194 2205 309 2271 pretium
322 2202 436 2270 duplicis
447 2219 599 2269 pernoscere
607 2201 675 2268 juris

36 2273 175 2328 Naturam
212 2272 331 2339 Simplex
342 2289 357 2322 e
369 2271 440 2322 dulei
453 2277 556 2322 constat
568 2271 643 2335 olivo,

37 2343 111 2406 Quod
143 2340 220 2408 ingui
231 2341 339 2395 miscere
351 2356 422 2391 mero
433 2339 570 2406 muriaque
582 2338 691 2406 decebit,

36 2411 95 2464 Non
138 2411 144 2422 '
176 2425 255 2478 quam
268 2425 321 2476 qua
333 2407 463 2474 Byzantia
493 2409 566 2459 utuit
578 2424 643 2460 orca.

36 2479 94 2533 Hoc
106 2479 155 2532 ubi
167 2478 304 2530 confusum
317 2477 394 2528 sectis
406 2425 531 2528 inferbuit
543 2474 630 2527 herbis

36 2549 197 2618 Corycioque
210 2563 283 2600 croco
296 2561 414 2614 sparsum
427 2544 508 2610 stetit,
520 2545 627 2614 insuper
638 2541 718 2602 addes

357 2637 371 2658 ⁸
386 2630 409 2670 iu
418 2639 498 2668 monus
