1908 2886
120 166 171 218 244
435 163 589 219 Housnn

122 267 174 320 Hic
185 272 268 320 meret
281 284 331 320 aera
343 267 409 320 liber
421 266 514 332 Sosiis3
532 267 575 320 hic
588 273 615 319 et
626 284 697 320 mare
710 267 805 320 transit

121 336 154 389 llt
165 337 273 404 longam
286 344 347 390 noto
360 337 479 406 scriptori
491 344 613 405 prorogat
625 354 716 388 aevum.

118 405 186 459 Sunt
198 406 294 460 delicta
307 413 404 474 tamen,
417 406 510 474 quibus
522 406 652 474 ignovisse
664 406 789 468 velimus3
813 404 909 475 [mena

120 475 144 528 N
145 493 188 528 am
200 492 285 543 neque
297 474 394 528 chorda
406 493 499 528 sonum
509 475 604 540 reddit,
614 492 690 544 quem
702 475 761 526 vult
772 491 870 526 manus
883 482 910 526 et

120 543 292 612 Poscentique
304 562 411 612 gravem
423 561 538 613 persaepe
550 545 662 596 remittit
674 551 796 608 acutum;

120 613 174 666 Nec
186 629 240 665 sem
260 630 287 665 er
299 614 374 666 feriet
387 614 558 682 quodcunque
569 614 714 666 minabitur
725 630 808 665 arcus,
859 617 910 666 350

120 682 218 734 Verum
231 631 275 734 ubi
287 682 363 751 plura
375 684 463 735 nitent
474 683 503 736 in
516 683 637 750 carmine,
649 699 702 734 non
714 699 761 750 ego
773 683 868 750 paucis

121 751 244 804 Offendor
255 752 372 819 maculis,
385 770 450 821 quas
462 758 510 804 aut
522 752 623 804 incuria
634 752 706 803 fudit

122 821 174 872 Aut
187 820 303 873 humana
315 839 408 890 parum
420 822 491 874 cavit
503 827 605 874 natura.
642 821 711 885 Quid
723 837 784 889 crgo
796 820 856 873 esti

122 889 158 942 Ut
170 890 280 958 scriptor
291 891 314 942 si
325 896 417 959 peccat
429 891 499 943 idem
511 890 632 943 librarius
645 908 734 958 usque,

120 959 246 1023 Quamvis
259 965 298 1012 eat
309 960 433 1027 monitus,
445 961 523 1012 venia
535 966 606 1013 caret
613 979 620 1024 ;
638 965 669 1012 ut
681 958 842 1012 citharoedus

121 1028 242 1096 Ridetur,
255 1028 351 1082 chorda
365 1029 411 1096 qui
424 1047 525 1098 semper
537 1027 639 1082 oberrat
651 1029 749 1094 eadem,

121 1098 164 1151 Sic
176 1097 249 1164 mibi,
263 1099 309 1167 qui
320 1098 435 1150 multum
447 1103 538 1166 cessat,
550 1098 581 1150 fit
594 1098 721 1151 Choerilus
732 1098 786 1164 ille,

122 1167 209 1228 Quem
220 1165 260 1220 bis
272 1173 345 1220 terve
357 1167 454 1220 bonum
466 1185 527 1221 cum
538 1168 593 1220 risu
604 1169 699 1230 miror;
717 1174 744 1219 et
756 1167 827 1219 idem

121 1235 255 1305 Indignor,
269 1237 425 1305 quandoque
437 1236 520 1290 bonus
532 1236 657 1289 dormitat
669 1237 807 1289 Homerus.

122 1305 220 1358 Verum
233 1307 304 1374 operi
316 1305 394 1374 longo
406 1307 446 1358 fas
458 1312 498 1358 est
510 1306 632 1374 obrepere
645 1323 772 1359 somnum
862 1309 912 1359 360

122 1375 160 1428 Ut
171 1376 283 1444 pictura,
295 1376 395 1444 poesis:
413 1376 472 1442 erit,
484 1393 550 1444 quse,
563 1375 585 1427 si
596 1376 702 1444 propius
714 1381 773 1443 stes,

122 1443 158 1497 Te
171 1445 259 1512 capiat
271 1445 363 1512 magis,
376 1451 403 1497 et
415 1445 542 1513 quedam,
554 1445 576 1496 si
588 1445 691 1512 longius
703 1443 805 1508 abstes;

123 1512 189 1566 Haec
202 1519 274 1566 amat
286 1514 433 1581 obscurum,
445 1515 516 1566 volet
528 1515 584 1566 haec
596 1514 644 1566 sub
656 1514 713 1566 luce
725 1513 818 1582 videri,

122 1582 140 1634 J
142 1583 225 1634 udicis
237 1588 362 1650 argutum
373 1600 433 1652 quae
445 1601 499 1636 non
510 1582 634 1636 formidat
646 1600 770 1646 acumem

124 1652 189 1704 Haec
202 1651 302 1720 placuit
314 1653 400 1719 semel,
415 1651 473 1706 hmo
485 1653 569 1706 decies
581 1653 693 1720 repetita
705 1651 827 1720 placebit.

124 1721 146 1773 0
158 1724 241 1788 major
248 1723 386 1789 juvenum,
400 1722 519 1790 quamvis
531 1727 558 1774 et
570 1739 632 1775 voce
644 1728 756 1790 paterna

125 1789 243 1859 Fingens
255 1791 289 1842 ad
301 1797 402 1842 rectum
414 1797 441 1844 et
453 1809 499 1860 por
511 1798 538 1844 ts
551 1792 627 1861 sapis,
640 1792 688 1844 hoc
701 1790 750 1843 tibi
762 1790 868 1844 dictum

123 1860 196 1912 'lolle
208 1877 313 1925 memor,
327 1861 404 1912 certis
415 1861 533 1912 medium
545 1868 572 1912 et
584 1859 717 1912 tolerabile
728 1859 806 1912 rebus

127 1929 206 1982 Recte
218 1929 332 1982 concedi.
369 1929 507 1982 Consultus
515 1931 583 1998 juris
596 1936 623 1981 et
634 1936 707 1982 actor·

125 1999 270 2052 Causarum
281 1998 417 2050 mediocris
429 1999 503 2052 abest
515 1999 614 2051 virtute
626 1997 718 2050 diserti
868 2003 917 2052 371]

125 2067 253 2135 Messalae,
265 2085 313 2120 nec
326 2067 376 2120 scit
388 2073 517 2136 quantum
530 2068 669 2120 Cascellius
681 2067 774 2134 Aulus,

124 2137 177 2191 sed
189 2145 278 2192 tamen
290 2137 318 2188 in
330 2138 414 2206 pretio
427 2143 478 2190 est:
497 2136 669 2189 mediocribus
682 2154 736 2190 esse
747 2136 835 2206 politis

128 2207 186 2260 Non
199 2208 323 2272 homines,
336 2223 389 2259 non
401 2207 445 2274 Di,
457 2223 509 2258 non
522 2223 668 2258 concessere
681 2206 817 2260 columne.

129 2277 165 2328 Ut
177 2284 265 2344 gratas
276 2276 345 2328 inter
357 2293 459 2328 mensas
472 2293 528 2343 sym
548 2275 627 2328 honia
639 2276 736 2327 discors

129 2345 163 2398 lit
176 2363 291 2398 crassum
302 2350 468 2412 unguentum
480 2350 508 2396 et
538 2345 600 2397 ardo
613 2362 674 2396 cum
685 2345 763 2398 melle
775 2361 897 2414 papaver

129 2413 281 2482 Offendunt,
293 2421 396 2482 poterat
408 2415 470 2467 duci
482 2415 545 2482 quia
557 2431 631 2467 coena
643 2414 698 2465 sine
710 2414 775 2481 istis,

127 2483 171 2538 Sic
183 2484 278 2536 animis
290 2489 383 2535 natum
396 2485 586 2550 inventumque
598 2484 692 2551 poema
701 2483 838 2551 juvandis,

128 2551 157 2603 Si
169 2551 290 2618 paullum
302 2567 403 2603 summo
415 2552 532 2618 decessit,
546 2553 631 2620 vergit
643 2553 676 2604 ad
689 2553 780 2606 imum.

130 2617 231 2670 Ludere
244 2618 289 2683 qui
302 2619 392 2684 nescit,
405 2621 595 2688 campestribus
607 2621 721 2673 abstinet
734 2621 821 2690 armis,

132 2683 307 2751 'edoctusque
320 2684 380 2750 pilae
393 2687 490 2740 discive
503 2690 620 2743 trochive
633 2691 752 2759 quiescit,
870 2695 923 2746 380
