1878 2874
121 142 149 195 Vi
427 144 595 200 SUE'PONII

98 261 239 330 cingerem
256 260 341 314 desiit.
375 261 490 316 Exstant
510 263 634 334 epistolae,
656 282 690 318 ex
711 265 815 335 quibus,
836 283 915 336 argu-

122 332 206 384 menti
216 332 310 400 grafia,
323 349 408 400 pauca
419 333 533 402 subjeci:
551 335 566 363 “
576 334 655 386 Sume
667 335 717 387 tibi
728 336 832 406 aliquid
847 340 916 406 juris

121 400 194 470 apud
213 418 263 468 me,
287 407 413 470 tanquam
437 403 460 456 si
481 403 614 456 convictor
630 405 697 457 mihi
714 405 815 460 fucris:
845 421 917 459 recte

122 470 200 537 anim,
217 477 245 524 ct
262 487 316 522 non
332 477 428 525 temere
445 473 557 537 feceris;
580 473 705 543 quoniam
722 475 750 526 id
766 492 831 528 usus
852 479 918 529 mihi

122 543 211 592 tecum
222 557 276 592 essa
287 539 366 608 volui,
379 542 401 593 si
412 559 459 610 per
469 542 648 595 valetudinem
657 549 730 596 tsmm
738 544 795 597 fieri
808 545 918 614 possit.”

99 607 159 662 iEt
174 626 279 662 rursus:
297 609 374 663 “uui
390 611 496 680 qualem
512 611 622 664 habeam
639 614 799 679 memoriam,
818 618 920 682 poteris

122 694 157 730 ox
174 677 301 747 Septimio
318 696 420 750 quoque
437 687 525 733 nostro
542 682 647 735 audire:
674 700 737 735 nam
753 683 867 750 incidit,
896 693 921 738 ut

122 745 169 799 illo
180 764 267 800 coram
278 747 352 801 fieret
363 767 380 802 a
390 767 433 802 mc
444 751 486 802 tui
497 752 603 804 mentio.
638 751 736 818 Neque,
749 753 771 804 si
783 758 816 806 tu
828 771 922 825 super·

124 813 173 868 bus
185 817 329 869 amicitiam
342 825 458 871 nostram
474 819 602 888 sprevisti,
614 820 672 873 ideo
688 839 736 875 nos
754 839 871 892 quoquc
889 831 922 878 ἀι-
936 822 937 831 ’

100 887 353 958 Mesopotamiae?
377 889 513 955 Praeterea,
522 906 596 958 sape,
607 889 678 943 inter
688 891 753 943 alios
761 893 840 960 jocos
854 896 873 923 “
881 913 924 966 pu·
936 896 937 899 ’

123 960 256 1012 tissimum
273 958 390 1028 penem‚''
409 963 436 1011 et
453 959 676 1012 “homuncionem
700 960 925 1030 lepidissimum,”

124 1029 258 1097 appellat:
288 1045 392 1096 unaque
415 1028 542 1081 etaltera
559 1027 715 1082 liberalitate
738 1030 926 1100 locupletavit

101 1098 228 1167 9Scripta
239 1097 346 1167 quidem
357 1099 413 1165 ejus
424 1114 508 1166 usque
519 1098 584 1150 adeo
596 1098 724 1167 probavit,
740 1116 922 1174 mansuraqu

125 1170 250 1238 perpetuo
268 1167 389 1235 opinatus
407 1173 454 1232 cat,
471 1172 503 1220 ut
520 1184 573 1220 non
594 1168 670 1220 modo
692 1168 843 1223 “Seculare
869 1175 928 1226 Oar-

124 1236 201 1290 men’'
225 1236 433 1306 componendum
456 1236 609 1304 injunxerit,
633 1237 678 1290 sed
701 1242 729 1290 et
752 1237 929 1295 Vindelicum

126 1307 263 1361 victoriam
291 1305 388 1359 Tiberii
415 1305 546 1375 Drusique
575 1307 775 1376 privignorum
807 1326 931 1382 eumqu

125 1374 931 1518 sauromatisiuratissimis

125 1513 213 1582 lectos,
225 1463 326 1567 nullgm
338 1515 378 1566 sui
389 1517 550 1567 mentionem
561 1514 680 1568 habitam
695 1516 734 1568 ita
747 1516 781 1568 sit
794 1469 920 1586 quefflrs
936 1502 938 1517 Α

126 1584 231 1637 “Irasci
242 1601 284 1636 me
295 1584 346 1636 tibi
362 1584 434 1650 scito,
446 1583 516 1652 quod
532 1601 585 1636 non
601 1585 630 1636 in
646 1585 775 1654 plerisque
791 1589 934 1656 ejusmod

127 1654 230 1722 scriptis
248 1669 356 1735 mecum.
367 1653 533 1736 notissimum
551 1654 677 1736 loquaris..
707 1655 750 1736 An
764 1659 882 1737 vereris,
905 1679 930 1712 n·

90 1723 934 1868 attii{Stttittiiisttgsi{innotatis

193 1893 730 2007 “tuuiffissttfsuuustt

214 2011 247 2058 Le
272 2013 315 2058 bus
325 2012 445 2065 emendam
460 2011 486 2056 in
494 2011 588 2069 publica
597 2013 717 2056 commoda
726 2024 827 2069 peccem,

215 2069 239 2117 si
247 2025 318 2129 fugo
328 2083 433 2116 sermone
442 2083 517 2114 morer
527 2076 569 2114 tua
578 2074 690 2128 tempora,
700 2069 776 2116 Cesar
782 2071 817 2118 bl'

91 2168 119 2217 ll
130 2159 256 2215 Horatius
279 2160 374 2214 habitu
391 2161 504 2230 corporis
521 2160 606 2214 brevis
624 2161 684 2228 fuit,
709 2168 790 2232 atque
811 2164 930 2225 obesus

129 2229 214 2299 qualis
234 2247 251 2282 a
268 2247 295 2284 sc
311 2230 368 2298 ipso
385 2236 413 2283 et
433 2232 462 2282 in
480 2229 571 2283 Satiris
588 2230 764 2298 describiturv,
777 2238 806 2285 et
823 2235 863 2288 ab
882 2242 937 2294 Aa,

129 2304 207 2419 fusto
224 2297 274 2352 hac
289 2299 416 2367 epistola:
434 2299 569 2352 “Pertulit
586 2300 620 2352 ad
637 2318 680 2354 me
691 2300 836 2370 Dionysius
854 2305 922 2363 lib

140 2384 186 2419 um
197 2372 284 2433 tuum,
292 2384 370 2436 quem
382 2384 438 2435 ego,
449 2375 481 2420 ut
492 2385 611 2422 accusem
622 2375 657 2435 tc,
674 2370 914 2450 quantuluscunq
934 2420 936 2429 ι

129 2440 176 2501 est,
188 2435 250 2488 boni
261 2435 373 2489 consulo.
409 2436 499 2489 Vereri
515 2443 604 2490 autem
616 2438 684 2491 mihi
699 2438 804 2506 videris,
820 2459 859 2496 ns
895 2476 932 2497 ..s

127 2504 197 2574 joras
208 2504 291 2558 libelli
302 2504 344 2557 tui
356 2508 417 2570 sint,
428 2522 509 2574 quam
520 2507 574 2574 ipsc
585 2524 619 2560 aa.
655 2507 713 2574 Sed,
725 2508 747 2560 si
759 2508 811 2562 tibi
823 2518 894 2571 stat

206 2620 353 2672 amul.
452 2621 855 2676 wacuasoemnnpiataoua
