<?xml version="1.0" encoding="UTF-8"?>
<!DOCTYPE html PUBLIC "-//W3C//DTD XHTML 1.0 Transitional//EN"
    "http://www.w3.org/TR/xhtml1/DTD/xhtml1-transitional.dtd">
<html xmlns="http://www.w3.org/1999/xhtml" xml:lang="en" lang="en">
 <head>
  <title>
</title>
<meta http-equiv="Content-Type" content="text/html;charset=utf-8" />
  <meta name='ocr-system' content='tesseract 3.04.00' />
  <meta name='ocr-capabilities' content='ocr_page ocr_carea ocr_par ocr_line ocrx_word'/>
</head>
<body>
  <div class='ocr_page' id='page_1' title='image "./qhoratiiflaccio02horagoog_0139.png"; bbox 0 0 1866 2874; ppageno 0'>
   <div class='ocr_carea' id='block_1_1' title="bbox 402 125 556 178">
    <p class='ocr_par' dir='ltr' id='par_1_1' title="bbox 402 125 556 178">
     <span class='ocr_line' id='line_1_1' title="bbox 402 125 556 178; baseline -0.006 0"><span class='ocrx_word' id='word_1_1' title='bbox 402 125 556 178; x_wconf 72' lang='lat' dir='ltr'><strong>Hortarii</strong></span> 
     </span>
    </p>
   </div>
   <div class='ocr_carea' id='block_1_2' title="bbox 156 225 888 1312">
    <p class='ocr_par' dir='ltr' id='par_1_2' title="bbox 156 225 888 1312">
     <span class='ocr_line' id='line_1_2' title="bbox 157 225 639 295; baseline 0 -16"><span class='ocrx_word' id='word_1_2' title='bbox 157 225 274 295; x_wconf 86' lang='lat' dir='ltr'><strong>Hietque</strong></span> <span class='ocrx_word' id='word_1_3' title='bbox 286 227 372 295; x_wconf 89' lang='lat' dir='ltr'><strong>turpis</strong></span> <span class='ocrx_word' id='word_1_4' title='bbox 384 226 454 279; x_wconf 86' lang='lat' dir='ltr'><strong>inter</strong></span> <span class='ocrx_word' id='word_1_5' title='bbox 465 227 552 278; x_wconf 88' lang='lat' dir='ltr'><strong>aridas</strong></span> <span class='ocrx_word' id='word_1_6' title='bbox 564 231 639 279; x_wconf 86' lang='lat' dir='ltr'><strong>nates</strong></span> 
     </span>
     <span class='ocr_line' id='line_1_3' title="bbox 191 295 559 348; baseline 0 0"><span class='ocrx_word' id='word_1_7' title='bbox 191 296 281 348; x_wconf 85' lang='lat' dir='ltr'><strong>Podex</strong></span> <span class='ocrx_word' id='word_1_8' title='bbox 294 296 368 348; x_wconf 88' lang='lat' dir='ltr'><strong>velut</strong></span> <span class='ocrx_word' id='word_1_9' title='bbox 380 297 467 347; x_wconf 86' lang='lat' dir='ltr'><strong>crudae</strong></span> <span class='ocrx_word' id='word_1_10' title='bbox 479 295 559 348; x_wconf 89' lang='lat' dir='ltr'><strong>bovis.</strong></span> 
     </span>
     <span class='ocr_line' id='line_1_4' title="bbox 156 364 755 433; baseline -0.003 -16"><span class='ocrx_word' id='word_1_11' title='bbox 156 364 207 418; x_wconf 83' lang='lat' dir='ltr'><strong>Sed</strong></span> <span class='ocrx_word' id='word_1_12' title='bbox 220 366 315 416; x_wconf 88' lang='lat' dir='ltr'><strong>incitat</strong></span> <span class='ocrx_word' id='word_1_13' title='bbox 327 383 369 416; x_wconf 89' lang='lat' dir='ltr'><strong>me</strong></span> <span class='ocrx_word' id='word_1_14' title='bbox 381 373 473 433; x_wconf 88' lang='lat' dir='ltr'><strong>pectus</strong></span> <span class='ocrx_word' id='word_1_15' title='bbox 486 372 512 416; x_wconf 87' lang='lat' dir='ltr'><strong>et</strong></span> <span class='ocrx_word' id='word_1_16' title='bbox 525 382 645 416; x_wconf 86' lang='lat' dir='ltr'><strong>mammae</strong></span> <span class='ocrx_word' id='word_1_17' title='bbox 658 369 755 433; x_wconf 85' lang='lat' dir='ltr'><strong>putres,</strong></span> 
     </span>
     <span class='ocr_line' id='line_1_5' title="bbox 191 434 496 502; baseline -0.003 -17"><span class='ocrx_word' id='word_1_18' title='bbox 191 435 296 502; x_wconf 84' lang='lat' dir='ltr'><strong>Equina</strong></span> <span class='ocrx_word' id='word_1_19' title='bbox 308 434 397 502; x_wconf 88' lang='lat' dir='ltr'><strong>quales</strong></span> <span class='ocrx_word' id='word_1_20' title='bbox 411 434 496 499; x_wconf 89' lang='lat' dir='ltr'><strong>ubera,</strong></span> 
     </span>
     <span class='ocr_line' id='line_1_6' title="bbox 157 501 720 570; baseline -0.004 -14"><span class='ocrx_word' id='word_1_21' title='bbox 157 503 308 570; x_wconf 73' lang='lat' dir='ltr'>venterque</span> <span class='ocrx_word' id='word_1_22' title='bbox 320 503 405 553; x_wconf 89' lang='lat' dir='ltr'><strong>mollis</strong></span> <span class='ocrx_word' id='word_1_23' title='bbox 418 511 445 554; x_wconf 88' lang='lat' dir='ltr'><strong>et</strong></span> <span class='ocrx_word' id='word_1_24' title='bbox 457 504 543 553; x_wconf 87' lang='lat' dir='ltr'><strong>femur</strong></span> <span class='ocrx_word' id='word_1_25' title='bbox 556 501 720 555; x_wconf 78' lang='lat' dir='ltr'><strong>tumentibus</strong></span> 
     </span>
     <span class='ocr_line' id='line_1_7' title="bbox 192 572 888 643; baseline -0.014 -19"><span class='ocrx_word' id='word_1_26' title='bbox 192 572 270 624; x_wconf 79' lang='lat' dir='ltr'><strong>Erile</strong></span> <span class='ocrx_word' id='word_1_27' title='bbox 282 572 348 623; x_wconf 86' lang='lat' dir='ltr'><strong>suris</strong></span> <span class='ocrx_word' id='word_1_28' title='bbox 361 572 496 625; x_wconf 87' lang='lat' dir='ltr'><strong>additum!</strong></span> <span class='ocrx_word' id='word_1_29' title='bbox 853 593 888 643; x_wconf 76' lang='lat'><strong>10</strong></span> 
     </span>
     <span class='ocr_line' id='line_1_8' title="bbox 156 640 642 707; baseline -0.004 -14"><span class='ocrx_word' id='word_1_30' title='bbox 156 641 220 694; x_wconf 84' lang='lat' dir='ltr'><strong>Esto</strong></span> <span class='ocrx_word' id='word_1_31' title='bbox 231 640 317 706; x_wconf 84' lang='lat' dir='ltr'><strong>beata,</strong></span> <span class='ocrx_word' id='word_1_32' title='bbox 328 640 410 691; x_wconf 85' lang='lat' dir='ltr'><strong>funus</strong></span> <span class='ocrx_word' id='word_1_33' title='bbox 422 647 502 705; x_wconf 86' lang='lat' dir='ltr'><strong>atque</strong></span> <span class='ocrx_word' id='word_1_34' title='bbox 514 640 642 707; x_wconf 81' lang='lat' dir='ltr'><strong>imagines</strong></span> 
     </span>
     <span class='ocr_line' id='line_1_9' title="bbox 191 709 577 776; baseline -0.003 -15"><span class='ocrx_word' id='word_1_35' title='bbox 191 709 297 761; x_wconf 81' lang='lat' dir='ltr'>Ducant</span> <span class='ocrx_word' id='word_1_36' title='bbox 309 709 481 776; x_wconf 79' lang='lat' dir='ltr'><strong>triumphales</strong></span> <span class='ocrx_word' id='word_1_37' title='bbox 494 715 577 774; x_wconf 85' lang='lat' dir='ltr'><strong>tuum,</strong></span> 
     </span>
     <span class='ocr_line' id='line_1_10' title="bbox 156 777 650 845; baseline -0.008 -14"><span class='ocrx_word' id='word_1_38' title='bbox 156 777 212 832; x_wconf 82' lang='lat' dir='ltr'><strong>Nec</strong></span> <span class='ocrx_word' id='word_1_39' title='bbox 224 778 258 830; x_wconf 90' lang='lat' dir='ltr'><strong>sit</strong></span> <span class='ocrx_word' id='word_1_40' title='bbox 270 778 372 842; x_wconf 87' lang='lat' dir='ltr'><strong>marita,</strong></span> <span class='ocrx_word' id='word_1_41' title='bbox 386 795 442 845; x_wconf 84' lang='lat' dir='ltr'><strong>quae</strong></span> <span class='ocrx_word' id='word_1_42' title='bbox 455 777 650 828; x_wconf 84' lang='lat' dir='ltr'><strong>rotundioribus</strong></span> 
     </span>
     <span class='ocr_line' id='line_1_11' title="bbox 191 845 513 905; baseline -0.006 -6"><span class='ocrx_word' id='word_1_43' title='bbox 191 846 292 899; x_wconf 87' lang='lat' dir='ltr'><strong>Onusta</strong></span> <span class='ocrx_word' id='word_1_44' title='bbox 305 847 375 905; x_wconf 88' lang='lat' dir='ltr'><strong>bacis</strong></span> <span class='ocrx_word' id='word_1_45' title='bbox 388 845 513 897; x_wconf 81' lang='lat' dir='ltr'><strong>ambulet.</strong></span> 
     </span>
     <span class='ocr_line' id='line_1_12' title="bbox 157 913 693 982; baseline -0.004 -15"><span class='ocrx_word' id='word_1_46' title='bbox 157 915 234 982; x_wconf 84' lang='lat' dir='ltr'><strong>Quid,</strong></span> <span class='ocrx_word' id='word_1_47' title='bbox 247 914 316 982; x_wconf 91' lang='lat' dir='ltr'><strong>quod</strong></span> <span class='ocrx_word' id='word_1_48' title='bbox 328 913 411 965; x_wconf 87' lang='lat' dir='ltr'><strong>libelli</strong></span> <span class='ocrx_word' id='word_1_49' title='bbox 424 913 505 966; x_wconf 82' lang='lat' dir='ltr'><strong>Stoici</strong></span> <span class='ocrx_word' id='word_1_50' title='bbox 517 915 587 966; x_wconf 88' lang='lat' dir='ltr'><strong>inter</strong></span> <span class='ocrx_word' id='word_1_51' title='bbox 601 913 693 966; x_wconf 85' lang='lat' dir='ltr'><strong>sericos</strong></span> 
     </span>
     <span class='ocr_line' id='line_1_13' title="bbox 191 982 539 1050; baseline -0.003 -14"><span class='ocrx_word' id='word_1_52' title='bbox 191 984 210 1036; x_wconf 88' lang='lat' dir='ltr'><strong>J</strong></span> <span class='ocrx_word' id='word_1_53' title='bbox 212 1000 285 1035; x_wconf 87' lang='lat' dir='ltr'><strong>acere</strong></span> <span class='ocrx_word' id='word_1_54' title='bbox 297 982 420 1050; x_wconf 89' lang='lat' dir='ltr'><strong>pulvillos</strong></span> <span class='ocrx_word' id='word_1_55' title='bbox 432 983 539 1035; x_wconf 81' lang='lat' dir='ltr'><strong>amantl</strong></span> 
     </span>
     <span class='ocr_line' id='line_1_14' title="bbox 157 1051 659 1118; baseline -0.004 -13"><span class='ocrx_word' id='word_1_56' title='bbox 157 1051 282 1105; x_wconf 86' lang='lat' dir='ltr'><strong>Illiterati</strong></span> <span class='ocrx_word' id='word_1_57' title='bbox 293 1069 358 1102; x_wconf 92' lang='lat' dir='ltr'><strong>num</strong></span> <span class='ocrx_word' id='word_1_58' title='bbox 369 1052 457 1103; x_wconf 91' lang='lat' dir='ltr'><strong>minus</strong></span> <span class='ocrx_word' id='word_1_59' title='bbox 468 1052 543 1103; x_wconf 90' lang='lat' dir='ltr'><strong>nervi</strong></span> <span class='ocrx_word' id='word_1_60' title='bbox 555 1051 659 1118; x_wconf 80' lang='lat' dir='ltr'><strong>rigenti</strong></span> 
     </span>
     <span class='ocr_line' id='line_1_15' title="bbox 190 1120 594 1186; baseline 0 -14"><span class='ocrx_word' id='word_1_61' title='bbox 190 1121 314 1172; x_wconf 85' lang='lat' dir='ltr'><strong>Minusve</strong></span> <span class='ocrx_word' id='word_1_62' title='bbox 325 1120 435 1186; x_wconf 85' lang='lat' dir='ltr'><strong>languet</strong></span> <span class='ocrx_word' id='word_1_63' title='bbox 447 1121 594 1172; x_wconf 83' lang='lat' dir='ltr'><strong>fascinuml</strong></span> 
     </span>
     <span class='ocr_line' id='line_1_16' title="bbox 157 1189 710 1256; baseline -0.002 -15"><span class='ocrx_word' id='word_1_64' title='bbox 157 1189 235 1251; x_wconf 88' lang='lat' dir='ltr'><strong>Quod</strong></span> <span class='ocrx_word' id='word_1_65' title='bbox 247 1195 279 1240; x_wconf 88' lang='lat' dir='ltr'><strong>ut</strong></span> <span class='ocrx_word' id='word_1_66' title='bbox 292 1189 402 1256; x_wconf 89' lang='lat' dir='ltr'><strong>superbo</strong></span> <span class='ocrx_word' id='word_1_67' title='bbox 415 1206 536 1256; x_wconf 86' lang='lat' dir='ltr'><strong>provoces</strong></span> <span class='ocrx_word' id='word_1_68' title='bbox 549 1189 582 1240; x_wconf 84' lang='lat' dir='ltr'><strong>ab</strong></span> <span class='ocrx_word' id='word_1_69' title='bbox 594 1189 710 1256; x_wconf 87' lang='lat' dir='ltr'><strong>inguine,</strong></span> 
     </span>
     <span class='ocr_line' id='line_1_17' title="bbox 191 1257 880 1312; baseline -0.007 0"><span class='ocrx_word' id='word_1_70' title='bbox 191 1258 242 1312; x_wconf 89' lang='lat' dir='ltr'><strong>Ore</strong></span> <span class='ocrx_word' id='word_1_71' title='bbox 252 1258 453 1311; x_wconf 79' lang='lat' dir='ltr'><strong>allaborandum</strong></span> <span class='ocrx_word' id='word_1_72' title='bbox 466 1264 505 1309; x_wconf 88' lang='lat' dir='ltr'><strong>est</strong></span> <span class='ocrx_word' id='word_1_73' title='bbox 518 1257 574 1310; x_wconf 87' lang='lat' dir='ltr'><strong>tibi.</strong></span> <span class='ocrx_word' id='word_1_74' title='bbox 847 1263 880 1312; x_wconf 70' lang='lat'><strong>20</strong></span> 
     </span>
    </p>
   </div>
   <div class='ocr_carea' id='block_1_3' title="bbox 240 1478 727 1534">
    <p class='ocr_par' dir='ltr' id='par_1_3' title="bbox 240 1478 727 1534">
     <span class='ocr_line' id='line_1_18' title="bbox 240 1478 727 1534; baseline 0.002 -3"><span class='ocrx_word' id='word_1_75' title='bbox 240 1478 390 1534; x_wconf 79' lang='lat' dir='ltr'><strong>OARMEN</strong></span> <span class='ocrx_word' id='word_1_76' title='bbox 408 1478 528 1533; x_wconf 75' lang='lat' dir='ltr'><strong>IX.-rn</strong></span> <span class='ocrx_word' id='word_1_77' title='bbox 541 1495 727 1532; x_wconf 77' lang='lat' dir='ltr'><strong>unonusrnu.</strong></span> 
     </span>
    </p>
   </div>
   <div class='ocr_carea' id='block_1_4' title="bbox 155 1604 930 2426">
    <p class='ocr_par' dir='ltr' id='par_1_4' title="bbox 155 1604 930 2426">
     <span class='ocr_line' id='line_1_19' title="bbox 156 1604 804 1676; baseline 0.005 -20"><span class='ocrx_word' id='word_1_78' title='bbox 156 1604 273 1668; x_wconf 73' lang='lat' dir='ltr'><strong>Quasno</strong></span> <span class='ocrx_word' id='word_1_79' title='bbox 286 1612 419 1674; x_wconf 89' lang='lat' dir='ltr'><strong>repostum</strong></span> <span class='ocrx_word' id='word_1_80' title='bbox 432 1606 571 1660; x_wconf 78' lang='lat' dir='ltr'><strong>Oaecubum</strong></span> <span class='ocrx_word' id='word_1_81' title='bbox 583 1607 618 1659; x_wconf 87' lang='lat' dir='ltr'><strong>ad</strong></span> <span class='ocrx_word' id='word_1_82' title='bbox 630 1607 709 1659; x_wconf 83' lang='lat' dir='ltr'><strong>festas</strong></span> <span class='ocrx_word' id='word_1_83' title='bbox 722 1607 804 1676; x_wconf 86' lang='lat' dir='ltr'><strong>dapes</strong></span> 
     </span>
     <span class='ocr_line' id='line_1_20' title="bbox 191 1673 930 1736; baseline 0.016 -12"><span class='ocrx_word' id='word_1_84' title='bbox 191 1673 296 1726; x_wconf 84' lang='lat' dir='ltr'><strong>Victore</strong></span> <span class='ocrx_word' id='word_1_85' title='bbox 308 1675 385 1728; x_wconf 83' lang='lat' dir='ltr'><strong>laetus</strong></span> <span class='ocrx_word' id='word_1_86' title='bbox 398 1676 498 1728; x_wconf 79' lang='lat' dir='ltr'><strong>Caesare</strong></span> <span class='ocrx_word' id='word_1_87' title='bbox 929 1733 930 1736; x_wconf 76' lang='grc'>,</span> 
     </span>
     <span class='ocr_line' id='line_1_21' title="bbox 156 1737 930 1814; baseline 0.004 -21"><span class='ocrx_word' id='word_1_88' title='bbox 156 1741 254 1794; x_wconf 75' lang='lat' dir='ltr'><strong>recum</strong></span> <span class='ocrx_word' id='word_1_89' title='bbox 266 1742 314 1795; x_wconf 89' lang='lat' dir='ltr'><strong>sub</strong></span> <span class='ocrx_word' id='word_1_90' title='bbox 326 1744 388 1812; x_wconf 82' lang='lat' dir='ltr'><strong>alta,</strong></span> <span class='ocrx_word' id='word_1_91' title='bbox 401 1745 438 1796; x_wconf 89' lang='lat' dir='ltr'><strong>sic</strong></span> <span class='ocrx_word' id='word_1_92' title='bbox 450 1745 469 1797; x_wconf 89' lang='lat' dir='ltr'><strong>J</strong></span> <span class='ocrx_word' id='word_1_93' title='bbox 470 1746 512 1797; x_wconf 80' lang='lat' dir='ltr'><strong>ovi</strong></span> <span class='ocrx_word' id='word_1_94' title='bbox 524 1750 638 1814; x_wconf 81' lang='lat' dir='ltr'><strong>gratum,</strong></span> <span class='ocrx_word' id='word_1_95' title='bbox 651 1745 734 1812; x_wconf 87' lang='lat' dir='ltr'><strong>domo,</strong></span> <span class='ocrx_word' id='word_1_96' title='bbox 929 1737 930 1773; x_wconf 70' lang='lat' dir='ltr'><strong>l</strong></span> 
     </span>
     <span class='ocr_line' id='line_1_22' title="bbox 190 1811 929 1891; baseline 0.003 -27"><span class='ocrx_word' id='word_1_97' title='bbox 190 1811 272 1864; x_wconf 88' lang='lat' dir='ltr'><strong>Beate</strong></span> <span class='ocrx_word' id='word_1_98' title='bbox 284 1812 421 1880; x_wconf 66' lang='lat' dir='ltr'><strong>Maecenas,</strong></span> <span class='ocrx_word' id='word_1_99' title='bbox 434 1814 530 1880; x_wconf 88' lang='lat' dir='ltr'><strong>bibam,</strong></span> <span class='ocrx_word' id='word_1_100' title='bbox 928 1847 929 1891; x_wconf 50' lang='lat' dir='ltr'><strong>p</strong></span> 
     </span>
     <span class='ocr_line' id='line_1_23' title="bbox 156 1878 928 1950; baseline 0.005 -19"><span class='ocrx_word' id='word_1_101' title='bbox 156 1878 271 1932; x_wconf 81' lang='lat' dir='ltr'><strong>Sonante</strong></span> <span class='ocrx_word' id='word_1_102' title='bbox 282 1883 398 1934; x_wconf 81' lang='lat' dir='ltr'><strong>mixtum</strong></span> <span class='ocrx_word' id='word_1_103' title='bbox 410 1882 481 1934; x_wconf 88' lang='lat' dir='ltr'><strong>tibiis</strong></span> <span class='ocrx_word' id='word_1_104' title='bbox 494 1900 598 1934; x_wconf 84' lang='lat' dir='ltr'><strong>carmen</strong></span> <span class='ocrx_word' id='word_1_105' title='bbox 610 1882 675 1950; x_wconf 80' lang='lat' dir='ltr'><strong>lyra,</strong></span> <span class='ocrx_word' id='word_1_106' title='bbox 927 1941 928 1948; x_wconf 10' lang='grc' dir='ltr'>ἵ</span> 
     </span>
     <span class='ocr_line' id='line_1_24' title="bbox 191 1949 928 2017; baseline 0.009 -16"><span class='ocrx_word' id='word_1_107' title='bbox 191 1949 249 2002; x_wconf 84' lang='lat' dir='ltr'><strong>Hac</strong></span> <span class='ocrx_word' id='word_1_108' title='bbox 261 1950 378 2017; x_wconf 88' lang='lat' dir='ltr'><strong>Dorium,</strong></span> <span class='ocrx_word' id='word_1_109' title='bbox 390 1951 443 2002; x_wconf 88' lang='lat' dir='ltr'><strong>illis</strong></span> <span class='ocrx_word' id='word_1_110' title='bbox 455 1951 611 2004; x_wconf 67' lang='lat' dir='ltr'><strong>barbarum?</strong></span> <span class='ocrx_word' id='word_1_111' title='bbox 927 1955 928 2008; x_wconf 91' lang='lat' dir='ltr'><strong>l</strong></span> 
     </span>
     <span class='ocr_line' id='line_1_25' title="bbox 156 2016 927 2088; baseline 0.001 -18"><span class='ocrx_word' id='word_1_112' title='bbox 156 2016 194 2070; x_wconf 93' lang='lat' dir='ltr'><strong>Ut</strong></span> <span class='ocrx_word' id='word_1_113' title='bbox 206 2035 297 2087; x_wconf 89' lang='lat' dir='ltr'><strong>nuper,</strong></span> <span class='ocrx_word' id='word_1_114' title='bbox 310 2026 385 2072; x_wconf 87' lang='lat' dir='ltr'><strong>aetus</strong></span> <span class='ocrx_word' id='word_1_115' title='bbox 398 2037 479 2088; x_wconf 90' lang='lat' dir='ltr'><strong>quum</strong></span> <span class='ocrx_word' id='word_1_116' title='bbox 491 2021 558 2073; x_wconf 78' lang='lat' dir='ltr'><strong>freto</strong></span> <span class='ocrx_word' id='word_1_117' title='bbox 571 2019 723 2088; x_wconf 88' lang='lat' dir='ltr'><strong>Neptunius</strong></span> <span class='ocrx_word' id='word_1_118' title='bbox 926 2039 927 2050; x_wconf 55' lang='lat'>¹</span> 
     </span>
     <span class='ocr_line' id='line_1_26' title="bbox 190 2051 927 2156; baseline 0.007 -18"><span class='ocrx_word' id='word_1_119' title='bbox 190 2087 254 2139; x_wconf 85' lang='lat' dir='ltr'><strong>Dux</strong></span> <span class='ocrx_word' id='word_1_120' title='bbox 265 2088 337 2155; x_wconf 84' lang='lat' dir='ltr'><strong>fugit</strong></span> <span class='ocrx_word' id='word_1_121' title='bbox 350 2089 415 2140; x_wconf 88' lang='lat' dir='ltr'><strong>ustis</strong></span> <span class='ocrx_word' id='word_1_122' title='bbox 428 2089 547 2156; x_wconf 80' lang='lat' dir='ltr'><strong>navibus,</strong></span> <span class='ocrx_word' id='word_1_123' title='bbox 926 2051 927 2124; x_wconf 79' lang='lat' dir='ltr'><strong>l</strong></span> 
     </span>
     <span class='ocr_line' id='line_1_27' title="bbox 155 2153 695 2224; baseline 0.006 -18"><span class='ocrx_word' id='word_1_124' title='bbox 155 2153 275 2208; x_wconf 88' lang='lat' dir='ltr'><strong>Minatus</strong></span> <span class='ocrx_word' id='word_1_125' title='bbox 288 2157 353 2208; x_wconf 87' lang='lat' dir='ltr'><strong>Urbi</strong></span> <span class='ocrx_word' id='word_1_126' title='bbox 365 2157 459 2220; x_wconf 74' lang='lat' dir='ltr'><strong>vincla</strong></span> <span class='ocrx_word' id='word_1_127' title='bbox 473 2175 531 2224; x_wconf 87' lang='lat' dir='ltr'><strong>quae</strong></span> <span class='ocrx_word' id='word_1_128' title='bbox 543 2159 695 2210; x_wconf 79' lang='lat' dir='ltr'><strong>detraxerat</strong></span> 
     </span>
     <span class='ocr_line' id='line_1_28' title="bbox 190 2223 512 2293; baseline 0.012 -17"><span class='ocrx_word' id='word_1_129' title='bbox 190 2223 276 2278; x_wconf 83' lang='lat' dir='ltr'><strong>Servis</strong></span> <span class='ocrx_word' id='word_1_130' title='bbox 288 2226 388 2278; x_wconf 86' lang='lat' dir='ltr'><strong>amicus</strong></span> <span class='ocrx_word' id='word_1_131' title='bbox 400 2227 512 2293; x_wconf 88' lang='lat' dir='ltr'><strong>perfidis.</strong></span> 
     </span>
     <span class='ocr_line' id='line_1_29' title="bbox 156 2291 644 2364; baseline 0.006 -21"><span class='ocrx_word' id='word_1_132' title='bbox 156 2291 297 2358; x_wconf 84' lang='lat' dir='ltr'><strong>Romanus,</strong></span> <span class='ocrx_word' id='word_1_133' title='bbox 310 2295 384 2361; x_wconf 86' lang='lat' dir='ltr'><strong>eheu,</strong></span> <span class='ocrx_word' id='word_1_134' title='bbox 398 2296 494 2362; x_wconf 89' lang='lat' dir='ltr'><strong>posteri</strong></span> <span class='ocrx_word' id='word_1_135' title='bbox 506 2294 644 2364; x_wconf 76' lang='lat' dir='ltr'><strong>negabitis,</strong></span> 
     </span>
     <span class='ocr_line' id='line_1_30' title="bbox 191 2359 496 2426; baseline 0.013 -17"><span class='ocrx_word' id='word_1_136' title='bbox 191 2359 379 2426; x_wconf 85' lang='lat' dir='ltr'><strong>Emancipatus</strong></span> <span class='ocrx_word' id='word_1_137' title='bbox 391 2363 496 2414; x_wconf 77' lang='lat' dir='ltr'><strong>feminae</strong></span> 
     </span>
    </p>
   </div>
   <div class='ocr_carea' id='block_1_5' title="bbox 157 2423 753 2697">
    <p class='ocr_par' dir='ltr' id='par_1_5' title="bbox 157 2423 753 2562">
     <span class='ocr_line' id='line_1_31' title="bbox 157 2423 753 2500; baseline 0.013 -24"><span class='ocrx_word' id='word_1_138' title='bbox 157 2423 219 2476; x_wconf 78' lang='lat' dir='ltr'><strong>Fert</strong></span> <span class='ocrx_word' id='word_1_139' title='bbox 232 2427 332 2477; x_wconf 83' lang='lat' dir='ltr'><strong>vallum</strong></span> <span class='ocrx_word' id='word_1_140' title='bbox 344 2434 370 2479; x_wconf 85' lang='lat' dir='ltr'><strong>et</strong></span> <span class='ocrx_word' id='word_1_141' title='bbox 383 2447 455 2480; x_wconf 79' lang='lat' dir='ltr'><strong>arnna</strong></span> <span class='ocrx_word' id='word_1_142' title='bbox 467 2432 542 2482; x_wconf 90' lang='lat' dir='ltr'><strong>miles</strong></span> <span class='ocrx_word' id='word_1_143' title='bbox 554 2436 581 2483; x_wconf 91' lang='lat' dir='ltr'><strong>et</strong></span> <span class='ocrx_word' id='word_1_144' title='bbox 594 2430 753 2500; x_wconf 80' lang='lat' dir='ltr'><strong>spadonibus</strong></span> 
     </span>
     <span class='ocr_line' id='line_1_32' title="bbox 192 2491 508 2562; baseline 0.022 -20"><span class='ocrx_word' id='word_1_145' title='bbox 192 2491 292 2542; x_wconf 85' lang='lat' dir='ltr'><strong>Servire</strong></span> <span class='ocrx_word' id='word_1_146' title='bbox 304 2495 403 2558; x_wconf 87' lang='lat' dir='ltr'><strong>rugosis</strong></span> <span class='ocrx_word' id='word_1_147' title='bbox 416 2505 508 2562; x_wconf 88' lang='lat' dir='ltr'><strong>potest,</strong></span> 
     </span>
    </p>

    <p class='ocr_par' dir='ltr' id='par_1_6' title="bbox 158 2557 597 2697">
     <span class='ocr_line' id='line_1_33' title="bbox 158 2557 597 2629; baseline 0.025 -21"><span class='ocrx_word' id='word_1_148' title='bbox 158 2557 283 2624; x_wconf 89' lang='lat' dir='ltr'><strong>Interque</strong></span> <span class='ocrx_word' id='word_1_149' title='bbox 295 2559 369 2624; x_wconf 86' lang='lat' dir='ltr'><strong>signa</strong></span> <span class='ocrx_word' id='word_1_150' title='bbox 382 2569 458 2629; x_wconf 89' lang='lat' dir='ltr'><strong>turpe</strong></span> <span class='ocrx_word' id='word_1_151' title='bbox 470 2567 597 2619; x_wconf 83' lang='lat' dir='ltr'><strong>militaria</strong></span> 
     </span>
     <span class='ocr_line' id='line_1_34' title="bbox 191 2624 518 2697; baseline 0.012 -18"><span class='ocrx_word' id='word_1_152' title='bbox 191 2625 236 2679; x_wconf 80' lang='lat' dir='ltr'><strong>Sol</strong></span> <span class='ocrx_word' id='word_1_153' title='bbox 248 2624 360 2692; x_wconf 81' lang='lat' dir='ltr'><strong>adspicit</strong></span> <span class='ocrx_word' id='word_1_154' title='bbox 372 2632 518 2697; x_wconf 84' lang='lat' dir='ltr'><strong>conopium.</strong></span> 
     </span>
    </p>
   </div>
   <div class='ocr_carea' id='block_1_6' title="bbox 0 0 938 2874">
    <p class='ocr_par' dir='ltr' id='par_1_7' title="bbox 0 0 938 2874">
     <span class='ocr_line' id='line_1_35' title="bbox 0 0 938 2874; baseline 0 0"><span class='ocrx_word' id='word_1_155' title='bbox 0 0 938 2874; x_wconf 95' lang='lat' dir='ltr'><strong> </strong></span> 
     </span>
    </p>
   </div>
  </div>
 </body>
</html>
