1908 2886
109 156 161 207 230
431 164 586 220 HORATII

106 257 239 313 Ridentur
249 258 321 312 male
332 259 377 327 qui
390 263 551 329 componunt
563 257 680 310 carmine
687 275 694 321 ;
712 274 804 310 verum

106 327 229 382 Gaudent
241 329 383 382 scribentes
395 334 421 380 et
433 346 460 381 se
472 334 632 381 venerantur
643 333 670 378 et
683 327 760 395 ultro,

105 396 135 451 si
146 403 241 464 taceas,
252 397 363 450 laudant
375 397 503 466 quidquid
515 397 639 466 scripsere
650 395 729 450 beati.

105 466 144 520 At
155 467 201 536 qui
212 467 360 534 legitimum
373 467 462 535 cupiet
473 467 565 519 fecisse
576 467 677 534 poema,

107 535 173 590 (lum
185 534 282 588 tabulis
294 536 412 588 animum
423 536 535 588 censoris
547 539 633 588 sumet
644 534 763 598 honesti;
840 538 891 588 110
932 549 933 634 q

105 604 230 671 Audebit,
242 622 404 674 quoscunque
417 622 511 674 parum
522 604 666 674 splendoris
678 603 813 657 habebunt
932 635 933 674 q

106 673 143 728 nt
155 675 210 727 siue
221 673 334 743 pondere
346 681 424 727 erunt
436 674 571 728 ethonore
583 673 693 741 indigna
704 674 830 742 ferentur,
932 677 933 688 ³

107 741 194 797 Verba
204 761 308 797 movere
319 743 382 811 loco,
395 744 513 826 quamvis
525 743 611 796 invita
621 743 745 796 recedant

106 811 143 866 Et
155 818 290 866 versentur
301 813 388 866 adhue
400 821 471 866 mtra
482 813 627 882 penetralis
640 812 735 868 Veste.

108 882 253 936 Obscurata
265 883 313 936 diu
323 883 420 952 populo
431 881 514 936 bonus
526 888 599 936 eruet
611 887 691 950 etque

107 950 225 1034 Proferet
236 953 265 1034 in
277 952 363 1005 lucem
376 952 489 1022 speciosa
500 951 628 1034 vqoabula
638 969 733 1019 rerum,
772 966 774 968 ·
788 1020 796 1035 θ

106 1020 810 1160 illcplldltllltilllllztldttlltl?

107 1159 242 1213 Adsciscet
253 1177 329 1228 nova,
341 1177 399 1229 quoe
412 1161 514 1228 genitor
525 1159 679 1230 produxerit
690 1177 760 1213 usus.

108 1229 254 1283 Vehemens
266 1236 294 1282 et
304 1230 421 1298 liquidus
433 1247 549 1299 puroque
561 1229 708 1282 simillimus
720 1229 792 1282 amni
840 1235 893 1284 -120

107 1298 213 1352 Fundet
225 1317 285 1368 opes
298 1300 454 1367 Latiumque
466 1299 554 1352 beabit
566 1299 649 1352 divite
660 1299 753 1367 lingum
759 1317 768 1364 5

107 1368 284 1422 Luxuriantie
295 1374 447 1438 compescet,
459 1369 538 1421 nimis
550 1386 642 1436 aspera
654 1385 717 1422 sano

107 1437 218 1492 Levabit
231 1439 312 1504 cultu,
324 1439 423 1492 virtute
435 1439 551 1491 carentia
562 1439 646 1505 tollet,

107 1507 235 1562 hudentis
248 1509 359 1576 speciem
371 1507 446 1560 dabit
458 1513 485 1560 et
496 1508 668 1576 torquebitur,
680 1511 711 1560 ut
723 1507 769 1576 qui

107 1575 133 1629 N
134 1594 186 1629 unc
198 1575 329 1646 Satyrum,
342 1593 413 1629 nunc
424 1583 553 1644 agrestem
566 1577 679 1646 Cyclopa
690 1583 856 1631 movetur.-

107 1645 273 1698 Praetulerim
285 1647 394 1714 scriptor
406 1647 504 1699 delirus
515 1646 636 1714 inersque
648 1646 737 1711 videri,

107 1714 178 1769 Dum
189 1733 248 1768 mea
257 1715 388 1768 delectent
399 1715 470 1768 mula
480 1733 524 1768 me
535 1716 577 1768 rel
590 1715 701 1784 denique
713 1715 815 1781 fallent,

109 1785 193 1852 Quem
206 1802 294 1854 sapere
307 1791 333 1838 et
345 1785 421 1853 ringi.
457 1785 521 1839 Fuit
533 1785 604 1837 houd
617 1785 739 1853 ignobilis
751 1785 837 1854 Argis,

108 1855 159 1919 Qui
172 1872 198 1908 se
211 1854 332 1907 credebat
343 1854 421 1906 miros
433 1855 524 1908 audire
536 1856 674 1922 tragoedos,

108 1923 141 1978 In
153 1941 235 1978 vacuo
246 1924 322 1976 laetus
335 1941 416 1976 sessor
427 1925 583 1993 plausorque
596 1924 713 1988 theatro;
840 1929 895 1980 130

108 1993 199 2047 Cetera
211 1993 258 2062 qni
269 1993 331 2046 vitae
344 2000 458 2046 servaret
469 1993 561 2046 munia
572 2000 642 2046 recto

107 2061 188 2132 More,
200 2064 283 2117 bonus
296 2080 357 2115 sene
370 2062 479 2130 vicinus,
491 2062 609 2116 amabilis
621 2063 721 2130 hospes,

108 2133 193 2186 Oomis
205 2133 233 2186 in
246 2149 359 2200 uxorem,
371 2137 457 2201 posset
470 2133 517 2200 qui
528 2133 660 2202 ignoscere
672 2132 758 2197 servis,

107 2200 143 2255 Et
155 2203 229 2270 signo
242 2202 302 2255 laeso
314 2219 367 2254 non
378 2201 493 2254 insanire
504 2202 604 2270 lagenae
611 2220 619 2265 ;
711 2175 760 2281 Χ
932 2201 933 2270 l

106 2269 197 2324 Posset
209 2271 254 2340 qui
265 2288 358 2340 rupem
370 2276 397 2324 et
408 2276 518 2340 puteum
530 2272 613 2324 vitare
625 2277 776 2344 patentemq
932 2275 933 2304 l

107 2339 161 2393 Hic
172 2339 219 2392 ubi
230 2347 401 2408 cognatorum
411 2340 503 2409 opibus
516 2341 636 2409 curisque
647 2341 764 2397 refectus
776 2352 812 2441 Χ

106 2407 219 2479 Expulit
231 2408 361 2462 helleboro
374 2411 493 2462 morbum
504 2409 635 2476 bilemque
646 2427 758 2480 meraco,
812 2444 828 2476 χ

106 2479 142 2533 Et
153 2478 222 2532 redit
233 2477 268 2530 ad
280 2496 341 2546 sese,
354 2476 479 2530 “Polme
492 2475 629 2542 occidistis,
642 2472 727 2539 amici,
831 2488 841 2504 ·

107 2547 168 2598 Non
181 2546 324 2612 servastis,”
337 2547 383 2610 ait,
397 2545 412 2573 “
421 2547 465 2598 cui
478 2546 514 2597 sie
526 2551 630 2597 extorta
641 2543 764 2611 voluptas
887 2597 890 2602 ¹

108 2613 144 2664 Et
156 2614 277 2678 demptus
288 2630 334 2679 per
345 2615 400 2665 vim
408 2614 504 2666 mentis
516 2613 679 2681 gratissimus
691 2609 785 2664 error.’¹
849 2611 907 2659 140

111 2679 244 2730 Nimirum
256 2696 344 2742 sapere
353 2687 392 2733 est
401 2682 508 2748 abjectis
522 2684 586 2735 utile
598 2682 676 2750 nugis
