1858 2874
428 111 582 167 HORA'HI

186 221 263 288 Quid,
276 219 347 288 quod
359 234 441 299 usque
452 216 584 286 proximos

220 288 334 343 Revellis
346 305 403 355 agn
415 287 540 340 terminos
552 291 579 337 et
591 284 662 339 ultra

184 359 295 414 Limites
308 356 446 410 clientium

219 427 288 481 Salis
301 425 413 478 avarus?
448 423 562 476 Pellitur
573 427 696 492 paternos

185 497 219 550 In
232 497 292 548 sinu
302 496 389 547 ferens
400 493 470 546 Deos

219 565 256 618 ut
267 581 333 617 uxor
345 568 373 616 et
384 563 425 615 vir
436 561 602 630 sordidosque
614 566 699 614 natos.

184 634 267 689 Nulla
279 633 374 685 certior
385 636 475 684 tamen

219 702 332 771 Rapacis
345 701 405 754 Oroi
416 700 469 752 fine
482 698 614 751 destinata
871 703 902 754 30

184 773 255 825 Aula
266 771 377 824 divitem
388 773 479 821 manet

219 841 328 894 Herum.
364 837 434 902 Quid
446 837 518 889 ultra
530 835 634 890 tendisi
669 835 757 905 AEque
770 837 852 890 tellus

183 909 299 978 Pauperi
310 907 458 960 recluditur

218 979 322 1046 Regum
339 993 373 1028 ue
385 975 480 1045 pueris,
492 991 541 1027 nec
554 973 657 1027 satelles
670 973 732 1027 Orci

184 1047 316 1102 Callidum
322 994 484 1098 ¹i>rometbea

218 1114 332 1169 Revexit
343 1131 407 1167 auro
420 1119 520 1182 captus.
557 1112 611 1164 Hie
623 1111 765 1181 superbum

183 1183 325 1240 uantuum
337 1188 417 1253 atque
429 1181 535 1235 Tantali

219 1254 307 1308 Genus
319 1255 435 1316 coerceo
452 1250 496 1302 hio
507 1250 595 1303 levare
606 1251 729 1303 functum

183 1323 330 1393 Pauperem
341 1319 473 1375 laboribus
517 1347 518 1352 =

218 1393 334 1447 Vocatus
345 1396 427 1460 atque
438 1406 492 1442 non
504 1394 613 1442 vocatus
625 1388 709 1442 audit.
869 1395 902 1443 40

214 1573 363 1629 OARMEN
381 1573 526 1628 XIX—so
540 1588 669 1628 amantur
682 1587 805 1628 eruaris.

186 1683 323 1738 Brocnuri
335 1683 364 1735 in
375 1683 482 1736 remotis
495 1682 612 1736 carmina
623 1682 734 1751 rupibus

183 1753 247 1806 Vidi
258 1753 402 1822 docentem,
414 1753 513 1805 credite
524 1752 629 1820 posteri,

216 1821 406 1891 Nymphasque
417 1822 547 1874 discentes
559 1824 586 1873 et
598 1837 673 1872 aures

252 1891 428 1960 Capripadum
440 1890 593 1958 Satyrorum
605 1894 703 1941 acutas.

182 1961 263 2027 Buce,
274 1960 374 2014 recenti
385 1977 458 2012 mens
470 1960 586 2027 trepidat
597 1963 678 2023 metu,

182 2029 317 2098 Plenoque
329 2028 427 2082 Bacchi
439 2032 544 2095 pectore
556 2025 693 2078 turbidum

218 2098 343 2151 Laetatur.
378 2096 458 2162 Enoc,
470 2111 547 2163 parce
558 2094 642 2160 Liber,
917 2137 918 2150 ,

250 2166 340 2234 Paroa,
352 2165 427 2234 gravi
439 2163 579 2216 metuende
591 2163 622 2214 th
654 2179 688 2216 so.
917 2153 918 2209 l

182 2235 233 2288 Fas
244 2236 391 2305 pervicaces
403 2239 443 2286 est
454 2233 521 2285 mihi
532 2232 601 2300 uhyi
636 2249 665 2284 as

182 2304 297 2372 Virique
309 2306 418 2366 fontem,
429 2303 506 2354 lactis
519 2307 545 2353 et
557 2301 649 2353 uberes
874 2307 906 2355 10

216 2372 328 2426 Cartare
339 2372 408 2425 rivos
420 2377 500 2439 atque
512 2370 614 2422 truncis

250 2441 288 2492 La
307 2458 336 2492 sa
347 2440 417 2490 oavis
428 2439 524 2491 iterare
535 2438 622 2506 mella,

183 2510 233 2562 Fas
245 2515 272 2559 et
332 2513 366 2558 tae
378 2507 498 2572 conjugis
509 2507 631 2558 additum

182 2576 270 2630 Stellis
282 2575 538 2640 bonorem‚teotaque
551 2573 663 2627 Penthei

216 2644 333 2708 Disjecta
344 2657 397 2692 non
408 2639 462 2692 leni
473 2641 558 2707 ruina,
644 2695 648 2702 ¹

249 2713 356 2768 Thracis
368 2716 395 2764 et
407 2711 520 2764 exitium
531 2711 654 2781 Lycurgi
