1908 2886
284 579 321 642 Q.
351 577 554 636 HORATII
583 573 755 632 FLACCI

134 768 223 860 Du
279 768 488 860 Auru
544 753 919 854 ΡΟΕΤΙΟΑ

454 959 597 1014 LIBER.

456 1113 585 1130 W

134 1194 258 1250 Hunno
270 1193 352 1262 etpiti
364 1193 492 1246 cervicem
504 1192 589 1261 pictor
601 1191 724 1260 equinam

132 1265 152 1320 J
153 1282 250 1347 ungere
262 1264 284 1317 si
296 1263 360 1316 velit
373 1269 400 1315 et
413 1263 498 1314 varies
510 1262 634 1314 inducere
646 1260 748 1329 plumes

134 1334 255 1403 Undique
267 1333 368 1386 collutis
380 1332 509 1397 membris,
523 1337 553 1383 ut
565 1330 679 1398 turpiter
691 1338 779 1382 etrum

134 1403 243 1457 Desinet
255 1403 283 1456 in
296 1402 394 1470 piscem
404 1401 500 1453 mulier
510 1401 623 1453 formose
635 1417 755 1468 superne,

132 1471 288 1542 Spectatum
299 1471 406 1524 udmissi
417 1471 499 1523 risum
511 1470 625 1523 teneatis
637 1468 735 1521 amicit

24 1582 39 1588 -
102 1578 120 1586 --
133 1542 244 1608 Credite,
258 1541 371 1608 Pisones,
383 1539 429 1593 isti
441 1540 538 1593 tebulae
551 1539 605 1591 fore
618 1538 716 1590 librum

134 1610 303 1676 Persimilem,
316 1612 391 1678 cujus
403 1609 477 1663 velut
489 1609 552 1678 aegri
564 1608 664 1661 somnia
676 1624 751 1660 venoe
952 1625 953 1709 p

133 1679 185 1734 Iun
204 1686 281 1733 entur
293 1679 390 1748 species
397 1698 405 1744 ;
422 1685 452 1731 ut
464 1695 512 1732 nee
524 1695 569 1759 pes
581 1694 629 1730 nee
641 1683 721 1746 caput
733 1676 781 1728 uni

194 1748 272 1800 detur
283 1749 380 1802 formae.
416 1749 431 1776 “
441 1747 588 1801 Pictorsbus
600 1753 679 1815 etque
690 1745 775 1814 poetis

137 1812 271 1877 Quidlibet
283 1813 398 1865 audendi
411 1830 510 1882 semper
522 1813 576 1865 fuit
588 1829 662 1880 aeque
674 1811 817 1880 potestne.”
891 1815 923 1864 10

135 1878 246 1945 Scimus,
254 1884 282 1931 et
291 1879 359 1931 hene
371 1881 474 1932 venitm
482 1880 649 1949 petimusque
657 1881 801 1949 demusque
810 1878 934 1942 vicissim,

135 1945 187 1998 Sed
199 1961 252 1997 non
264 1950 295 1996 ut
307 1944 416 2012 placidis
429 1947 522 1998 coeant
535 1946 654 2013 immitia,
667 1963 720 1998 neu
732 1954 764 1999 ut

136 2013 274 2084 Serpentes
286 2014 378 2066 eribus
389 2015 564 2082 geminentur,
576 2015 687 2083 tigribus
700 2016 769 2084 egui.

136 2082 253 2152 Inceptie
264 2083 388 2151 gravibus
400 2083 554 2152 plerumque
566 2092 593 2137 et
604 2101 701 2152 magne
713 2085 836 2153 professis

136 2149 293 2222 Purpureus,
305 2153 359 2205 lete
371 2152 417 2222 qui
430 2152 573 2220 splendeat,
586 2171 655 2206 unus
667 2163 695 2206 et
706 2155 774 2206 alter

136 2221 265 2275 Adsuitur
277 2240 394 2290 paunus3
413 2239 494 2290 quum
506 2222 582 2275 lucus
595 2228 621 2275 et
634 2241 679 2275 are
691 2224 784 2276 Dianae

136 2289 173 2344 Et
184 2292 347 2360 properentis
359 2309 432 2361 equae
444 2309 491 2360 per
502 2309 617 2344 emoenes
629 2291 743 2344 ambitus
757 2311 841 2362 egros,

136 2359 192 2412 Aue
203 2359 302 2412 flumen
314 2361 437 2414 Rhenum
449 2366 496 2413 eut
508 2361 613 2429 pluvius
626 2361 781 2415 describitur
794 2381 884 2422 ereus3
949 2405 950 2408 ι

137 2428 189 2482 Sed
200 2445 272 2481 nune
284 2446 337 2481 non
349 2438 404 2484 eret
417 2430 457 2482 bis
470 2430 548 2484 loeus.
584 2431 620 2483 Et
631 2431 740 2484 fortasse
752 2449 905 2502 cupressum

137 2497 193 2550 Scis
205 2497 341 2550 simulare:
359 2499 423 2566 quid
434 2499 490 2565 hoe,
502 2501 524 2551 si
536 2500 627 2553 fractis
639 2507 729 2553 enatet
742 2519 834 2570 exspes
888 2505 922 2554 20

138 2563 263 2629 Navibus,
276 2581 327 2615 aere
339 2565 400 2618 dete
412 2567 459 2633 qui
470 2568 607 2636 pingitur?
641 2569 777 2638 Amphora
789 2571 870 2640 eoepit

23 2701 25 2708 y
138 2629 262 2694 Imtitui3
279 2639 399 2684 currente
410 2639 468 2686 rote
479 2652 526 2688 cur
538 2653 629 2690 ureeus
641 2639 714 2692 exiti
