1908 2886
305 112 372 166 Aisa
391 112 552 166 Pontice.
768 113 819 166 235

41 208 158 280 Denique
170 209 205 264 sit
217 209 320 280 quidvis
332 211 443 280 simplex
456 210 596 264 dumtaxat
607 215 635 264 et
646 228 737 266 unum.

41 279 158 333 Maxima
170 297 231 348 pars
242 287 342 346 vatum,
354 286 468 350 pateret
476 282 587 349 juvenes
599 287 674 349 patre
686 281 768 350 digni,

40 347 191 418 Decipimur
203 351 288 418 specie
299 351 378 402 recti:
396 349 481 402 brevis
493 367 547 402 esse
559 349 654 418 laboro,

13 451 14 456 =
40 417 170 471 Obscurus
181 418 230 482 fio;
249 425 393 472 sectantem
404 419 473 471 levia
485 420 559 471 nervi

12 546 13 550 Ἰ
39 485 174 540 Deficiunt
185 488 333 554 animique;
351 488 480 557 professus
492 488 603 556 grandia
613 493 719 558 turget3

12 571 13 598 l
39 555 125 626 Serpit
138 556 214 609 humi
225 562 300 610 tutus
312 558 424 610 nimium
435 557 594 626 timidusque
605 559 740 627 proccllae3

40 625 86 690 Qui
98 626 204 679 variare
216 627 290 695 cupit
301 643 356 679 rem
368 626 548 695 prodigialiter
559 644 649 696 unam,

11 699 13 766 ἶ
38 693 202 765 Delphinum
214 695 286 748 silvis
298 713 314 748 a
333 696 427 765 pingit,
439 695 562 748 fluctibus
574 713 675 765 aprum
786 701 821 752 30

11 785 13 832 q
38 763 67 816 In
80 764 181 818 vitium
193 765 267 817 ducit
278 783 292 818 c
322 783 363 834 pae
374 766 447 833 fuga,
460 765 482 817 si
493 771 565 818 caret
576 771 640 819 arte.

11 839 13 856 *
37 833 177 886 AEmilium
189 834 259 887 circa
270 834 363 887 ludum
373 835 448 887 faber
459 851 528 886 unus
540 841 567 887 et
579 852 615 887 un
654 852 681 888 es

11 961 12 964 Ἴ
39 902 77 956 Ex
97 904 179 956 rimet
190 910 217 956 et
228 904 318 956 molles
331 904 479 956 imitabitur
490 921 540 956 aare
552 905 608 972 cap'
631 922 659 958 os
666 923 674 969 ;

10 1009 11 1012 ,
39 972 51 1024 Ι
81 973 139 1026 elix
151 973 235 1042 operis
248 990 356 1040 summa,
370 973 432 1041 quia
444 990 538 1041 ponere
550 979 636 1026 totum

37 1041 151 1096 Nesciet.
187 1041 267 1096 Hunc
279 1061 293 1094 e
312 1059 387 1108 ome,
400 1043 422 1094 si
435 1042 498 1111 quid
510 1060 662 1111 componere
675 1059 770 1112 curem,

37 1109 94 1165 Non
105 1111 193 1179 magis
205 1129 259 1164 esse
271 1061 351 1164 velim
362 1129 441 1179 quam
453 1129 516 1164 naso
528 1113 615 1164 virere
645 1130 716 1180 raro,

38 1181 216 1250 Spectandum
229 1181 311 1249 nigris
323 1181 404 1234 oculis
416 1182 542 1250 nigroque
554 1182 611 1250 cap'
634 1199 655 1235 o.

37 1251 139 1304 Sumite
152 1251 290 1303 materiam
301 1251 401 1317 vestris,
413 1251 458 1318 qui
470 1250 590 1317 scribitis,
602 1267 705 1318 aequam

37 1319 145 1372 Viribus
157 1325 184 1372 et
196 1328 297 1373 versate
310 1321 364 1387 diu,
376 1320 440 1387 quid
453 1321 519 1372 ferre
531 1326 658 1387 recusent,

37 1390 105 1452 Quid
118 1389 226 1443 valeant
238 1390 347 1442 humeri.
384 1390 433 1442 Oui
444 1389 513 1442 lecta
525 1395 645 1458 potenter
657 1389 708 1442 crit
719 1406 767 1458 res,
784 1391 819 1443 40

36 1457 87 1513 llec
101 1459 229 1512 facundia
241 1459 341 1512 deseret
353 1459 424 1511 hunc
436 1477 484 1510 nec
496 1458 599 1510 lucidus
611 1458 680 1512 ordo.

37 1528 142 1581 Ordinis
156 1528 212 1580 haec
224 1529 308 1581 virtus
320 1530 370 1581 erit
382 1535 409 1580 et
422 1529 518 1593 Venus,
530 1535 577 1580 aut
589 1543 636 1594 ego
648 1528 732 1596 fallor,

37 1596 68 1652 Ut
77 1601 139 1668 jam
152 1615 223 1649 nunc
236 1598 306 1651 dicat
314 1599 371 1666 jam
383 1614 454 1650 nunc
466 1597 587 1650 debentia
598 1597 658 1662 dici,

36 1666 165 1736 Pleraque
177 1666 280 1720 differat
292 1675 319 1720 et
331 1683 441 1734 praesens
454 1668 482 1718 in
495 1672 598 1734 tempus
610 1667 731 1732 omittat;

36 1735 91 1792 Hoc
104 1742 185 1802 amet,
198 1737 246 1788 hoc
259 1743 364 1805 spernat
376 1735 494 1804 promissi
506 1736 628 1788 carminis
640 1743 738 1790 auctor.

35 1806 64 1858 ln
77 1805 167 1861 verbis
180 1805 259 1858 etiam
272 1806 359 1858 tenuis
372 1812 517 1872 cautusque
529 1805 650 1872 serendis,

33 1876 141 1930 Dixeris
153 1875 262 1942 egregie,
275 1883 368 1928 notum
380 1875 401 1926 si
414 1874 509 1928 callida
520 1873 629 1925 verbum

33 1943 191 1997 Reddiderit
198 1945 325 2012 junctura
336 1962 441 1997 novum.
476 1943 504 1995 Si
517 1943 584 1995 forte
595 1961 698 1996 neeesse
710 1947 750 1996 est

33 2014 145 2067 Iudiciis
157 2020 300 2066 monstrare
312 2013 460 2066 recentibus
472 2013 562 2066 abdita
572 2030 667 2080 rerum,

32 2082 147 2152 Fingere
159 2082 284 2134 cinctutis
296 2100 348 2136 non
361 2083 486 2135 exaudita
498 2081 618 2148 Cethegis
782 2084 817 2136 60

31 2152 184 2220 Continget,
196 2152 354 2220 dabiturque
365 2152 473 2205 licentia
485 2157 591 2219 sumpta
602 2150 739 2219 pudenter.

30 2221 65 2274 Et
77 2239 150 2274 nova
162 2221 275 2290 fictaque
287 2239 371 2290 nuper
382 2220 517 2274 habebunt
528 2220 607 2273 verba
619 2220 705 2286 fidem,
717 2221 740 2274 ai

31 2291 123 2344 Graeco
136 2291 209 2343 sonte
221 2291 323 2354 cadent,
354 2308 413 2343 arce
425 2292 534 2344 detorta
570 2289 638 2353 Quid
651 2295 742 2344 autem

30 2361 138 2414 Caecilio
148 2360 293 2428 Plautoque
305 2309 380 2413 dabie
393 2360 525 2412 Romanus
537 2359 690 2427 ademptum

30 2429 146 2498 Virgilio
159 2429 306 2498 Varioquel
341 2430 398 2497 Ego
410 2447 463 2496 cur,
476 2429 608 2496 acquirere
621 2445 705 2496 pauca

29 2499 56 2552 si
69 2516 186 2570 possum,
198 2499 324 2566 invideor,
336 2516 418 2566 quum
430 2499 522 2566 lingua
535 2497 639 2550 Catonis
651 2503 679 2550 et
690 2496 762 2552 Enni

28 2569 184 2622 Sermonem
195 2568 312 2638 patrium
324 2568 448 2621 ditaverit
459 2573 487 2620 et
498 2585 566 2620 nova
576 2583 663 2619 rerum

28 2637 148 2694 Nomina
159 2637 315 2708 protuleritl
351 2637 439 2690 Licuit
451 2651 604 2705 semperque
614 2635 703 2688 licebit
