1858 2874
406 141 561 199 HORATII

367 252 517 306 GARMEN
536 251 585 304 III

184 347 223 387 AD
242 348 341 387 rivuli
360 348 416 394 QUA
434 347 610 387 VEHEBATUR
623 346 772 386 nummus

306 418 436 455 Asuuius
456 417 659 455 Paosiclscnns.

155 486 203 542 810
215 494 242 541 te
254 487 315 541 diva
326 494 419 556 potens
431 485 518 556 Cypri,

190 557 233 610 Sic
245 557 338 608 fratres
351 556 467 622 Helenae,
480 556 569 609 lucida
581 555 673 622 sidera,

157 624 354 693 Ventorumque
364 631 440 692 regat
450 631 526 693 pater

192 693 328 746 Obstrictis
340 693 399 745 aliis
411 701 505 762 praeter
518 693 628 763 Iapyga,

155 761 244 828 Navis,
257 779 316 831 quse
328 762 377 814 tibi
389 764 519 816 creditum

124 837 130 845 '
190 831 275 884 Debes
287 832 436 898 Virgilium,
448 831 545 884 finibus
558 831 655 885 Atticis

156 897 259 954 Reddas
271 899 436 967 incolumem,
466 917 544 965 recor,

190 968 226 1020 Et
237 985 321 1021 serves
333 969 427 1020 animae
458 969 580 1022 imidium
591 982 663 1024 ineas.

155 1035 202 1088 Illi
213 1036 292 1089 robur
303 1041 330 1089 et
342 1053 377 1089 aes
388 1037 486 1107 triplex

190 1105 264 1158 (lisca
275 1112 367 1173 pectus
378 1113 442 1173 erat,
454 1107 500 1176 qui
512 1105 633 1176 fragilem
644 1107 715 1161 truci
842 1112 873 1160 10

156 1171 291 1227 Commisit
302 1174 396 1243 pelago
408 1181 492 1228 ratem

190 1242 294 1296 Primus
306 1261 354 1297 nec
365 1244 457 1297 timuit
468 1244 631 1314 praecipitem
642 1244 762 1298 Africum

155 1310 339 1366 Deoertautem
351 1313 525 1382 Aquilonibus

189 1380 245 1434 Nec
256 1383 343 1435 tristes
356 1383 464 1451 Hyadas
476 1401 524 1437 nec
535 1381 634 1436 rabiem
646 1382 717 1450 Noti,

156 1451 213 1516 Quo
225 1467 279 1502 non
290 1451 388 1504 arbiter
400 1452 507 1504 Hadriae

190 1518 282 1586 Major,
295 1519 386 1570 toliere
398 1535 444 1570 seu
455 1535 550 1587 ponere
561 1517 621 1571 vult
632 1519 708 1572 freta.

156 1586 240 1651 Quom
251 1586 342 1638 mortis
355 1587 445 1638 timuit
456 1587 575 1654 gradum,

192 1655 244 1718 Qui
256 1655 344 1706 siccis⁰
355 1657 436 1712 oculis
448 1661 566 1710 monstra
576 1655 706 1726 natantia,

156 1723 208 1788 Qui
220 1723 288 1776 vidit
299 1740 370 1775 mare
382 1725 520 1791 turgidum
532 1729 558 1776 et

192 1792 308 1844 Infames
322 1791 440 1861 scopulos
452 1791 662 1846 Acrocerauniai
841 1799 875 1848 20

155 1860 338 1930 Nequicquam
350 1861 420 1914 Deus
432 1861 543 1915 abscidit

191 1930 310 1983 Prudens
323 1931 424 1985 Oceano
437 1930 594 1985 dissociabili

156 1998 253 2065 lenas,
267 2001 289 2051 si
302 2005 390 2052 tamen
402 2001 491 2069 impiae

177 2128 179 2132 .
189 2068 216 2120 N
216 2085 251 2120 on
262 2070 396 2136 tangenda
407 2076 476 2121 rates
488 2068 642 2121 transiliunt
654 2067 729 2123 vada

156 2135 255 2189 Audax
266 2138 353 2190 omnia
365 2138 468 2206 perpeti

191 2206 259 2258 Gens
271 2206 388 2259 humana
400 2208 455 2258 ruit
467 2223 515 2275 per
525 2205 652 2260 vetiturus
663 2207 738 2262 nefas

155 2273 253 2328 Audax
266 2275 352 2342 lapeti
364 2292 447 2342 genus

192 2342 286 2411 Ignem
297 2343 390 2394 fraude
402 2345 472 2396 mala
483 2344 605 2412 gentibus
618 2345 719 2399 intulit.
919 2338 923 2391 J

156 2411 219 2465 Post
231 2412 320 2479 ignem
333 2412 441 2464 aetheria
453 2414 528 2466 domo
918 2398 922 2441 ³

191 2479 355 2533 subductum
366 2481 462 2533 macies
474 2487 501 2533 et
512 2498 580 2535 nova
591 2482 704 2536 febrium
839 2490 875 2540 30
918 2458 921 2546 i

156 2549 243 2603 Terris
255 2548 377 2602 incubuit
389 2548 486 2613 cohors,
917 2546 921 2620 l

191 2618 340 2690 Semotique
351 2616 424 2686 prius
436 2617 512 2670 tarda
523 2618 662 2672 necessitas
919 2625 920 2640 ³

245 2732 254 2754 e
266 2720 332 2760 mm
557 2709 568 2738 θ
578 2712 666 2751 vetitum
676 2711 697 2748 et
916 2668 919 2789 'i
