1866 2874
247 108 458 161 snn1nnnun1
483 115 501 162 ι.
520 113 544 174 e,
565 114 603 162 no.
767 111 815 158 rea

38 208 192 264 Defendente
204 214 288 264 ricem
300 213 377 264 modo
388 214 498 265 rhetoris
511 221 592 282 atque
605 216 696 282 podtae,

39 275 165 331 Interdum
179 280 280 347 urbani,
294 283 425 348 parcentis
437 282 536 333 viribus
549 290 628 350 etque

38 345 207 401 Extenuantis
219 367 263 401 eas
275 351 402 401 consulto.
439 351 590 403 Ridiculum
602 351 657 403 ecri

38 413 132 468 Fortius
144 425 172 469 et
184 417 277 469 melina
289 435 398 484 magnae
410 417 566 487 plerumque
579 426 649 472 secat
661 436 709 472 ree.

39 481 83 550 Illi,
94 487 193 554 scripta
205 486 301 553 quibus
313 487 441 538 comoedia
453 487 538 554 prisce
551 489 614 540 viris
626 495 673 554 est,

39 550 88 604 Hoc
100 555 215 618 stabant,
228 554 277 606 hoc
289 561 352 606 eunt
364 555 503 618 imitandi;
521 574 584 624 qnos
596 572 682 624 neque
693 555 804 625 pulcher

39 617 209 690 Hermogenes
222 639 339 689 unquam
352 623 418 690 legit
430 641 515 692 neque
528 626 619 676 simius
631 625 688 690 iste,

38 685 75 738 llil
86 699 182 757 praeter
194 691 304 742 Calvum
316 697 344 742 et
356 692 449 743 doctus
461 701 568 745 cantare
580 693 721 746 Catullum.

39 755 87 808 “At
98 775 227 845 magnum
238 759 310 815 fecit,
322 761 392 827 quod
405 761 489 813 verbis
503 760 592 812 Graeca
604 761 705 813 Latinis
750 790 752 796 ·
783 761 820 810 20

37 816 161 877 lliseuit.’
199 823 221 876 Ο
234 825 284 876 seri
296 825 459 880 studiorum!
479 828 559 894 quine
571 826 670 894 putetis

38 887 143 944 Difficile
156 897 183 943 et
194 893 300 959 mirum,
314 895 415 945 Rhodio
428 896 498 962 qnod
511 893 671 946 Pitholeonti

38 957 166 1027 Contigit'l
185 962 199 988 ‘⁴
210 965 243 1012 At
256 977 339 1013 sermo
351 963 445 1028 lingua
456 965 599 1015 concinnus
611 969 723 1029 utreque

38 1023 146 1094 Gravior,
159 1035 192 1080 ut
203 1029 268 1081 Chio
280 1037 343 1081 nota
355 1031 378 1081 si
389 1033 532 1084 commixta
544 1031 648 1083 Falerni
659 1029 722 1083 est”

38 1090 115 1153 Quum
127 1113 219 1147 versus
231 1094 319 1161 facias,
332 1101 358 1148 te
371 1097 457 1164 ipsum
469 1103 613 1165 percontor,
626 1114 661 1148 en
672 1103 700 1149 et
711 1115 794 1166 quum

37 1157 101 1215 Dura
112 1164 164 1215 tibi
210 1165 326 1231 regenda
338 1165 376 1216 rei
388 1165 423 1216 sit
435 1182 513 1217 causa
524 1164 623 1230 Petilli,

37 1225 134 1284 Scilicet
146 1231 180 1284 ob
193 1233 246 1284 'tus
260 1233 401 1301 petriaeque
432 1235 554 1302 atrisque,
568 1235 661 1285 Latine

37 1295 115 1358 Quum
128 1299 228 1352 Pedius
239 1317 331 1353 causas
343 1251 452 1354 exsudet
465 1303 598 1369 Poplicola
610 1308 690 1370 atque

36 1364 163 1434 Corvinus,
176 1369 269 1436 patriis
281 1370 458 1422 intermiscere
470 1372 554 1438 petita

36 1430 114 1488 Verba
125 1437 191 1489 foris
203 1438 286 1504 malis,
300 1438 424 1490 Canusini
435 1456 506 1490 more
518 1436 661 1504 bilinguisl
785 1441 819 1490 30

36 1501 116 1572 Atque
128 1522 178 1572 ego
191 1522 273 1572 quum
287 1507 387 1558 Graecos
398 1507 511 1559 facerem
523 1515 602 1558 natus
614 1523 685 1558 mare
698 1505 765 1558 citra

36 1567 186 1638 Versiculos,
199 1574 285 1626 vetuit
297 1591 339 1626 me
351 1575 400 1627 teli
412 1593 474 1627 voce
487 1575 618 1640 Quirinus,

35 1636 90 1693 Post
101 1642 219 1693 mediam
231 1649 335 1694 noctem
347 1644 425 1708 visus,
437 1661 519 1710 quum
531 1644 631 1695 somnie
642 1659 718 1696 vera:

34 1708 82 1761 “In
94 1709 193 1761 silvam
205 1723 258 1758 non
270 1707 343 1774 ligna
355 1709 422 1759 feras
435 1708 561 1768 insanius,
573 1724 604 1759 ao
617 1708 639 1759 ri

33 1774 141 1845 Magnae
154 1777 302 1828 Graeeorum
315 1777 390 1828 malis
403 1777 510 1842 implere
523 1775 665 1828 catervas.”

34 1843 161 1914 ltngidus
174 1846 288 1914 Alpinus
296 1847 404 1914 jugulat
416 1846 480 1897 dum
493 1846 640 1910 Memnona,
653 1846 768 1913 dumque

33 1909 148 1982 Defingit
161 1914 248 1965 Rheni
260 1914 362 1966 luteum
374 1922 461 1981 caput,
474 1915 530 1965 haec
542 1932 590 1981 ego
602 1914 671 1979 ludo,

33 1980 90 2044 Quae
102 1999 193 2049 neque
205 1983 234 2033 in
247 1983 301 2034 aede
314 1989 406 2035 sonent
418 1983 547 2035 certantia
555 1983 645 2051 judice
658 1983 750 2049 Tarpa,

32 2047 53 2099 Ν
54 2068 80 2103 ec
92 2052 207 2104 redeant
219 2052 314 2104 iterum
326 2056 405 2118 atque
417 2053 513 2104 iterum
526 2069 537 2103 s
556 2051 667 2102 ectenda
679 2051 795 2102 theatris.

32 2117 133 2187 Arguta
145 2120 281 2172 meretrice
293 2127 366 2187 potes
379 2121 503 2186 Davoque
516 2121 534 2172 0
568 2127 653 2172 emeta
785 2122 818 2170 40

32 2185 162 2241 lllndente
175 2205 262 2240 senem
275 2189 354 2240 comis
366 2189 464 2254 garrire
477 2189 577 2241 libellos

31 2253 101 2308 Unus
114 2256 244 2321 vivorum,
257 2257 395 2320 Fundani;
413 2257 497 2308 Pollio
509 2274 601 2322 regum

32 2321 109 2378 Facta
123 2325 198 2377 canit
209 2324 275 2392 pede
288 2332 328 2377 ter
339 2343 474 2393 percuss0;
491 2325 558 2377 forte
570 2341 631 2393 epos
643 2341 702 2377 aoer

32 2391 63 2444 Ut
75 2411 156 2446 nemo
170 2393 265 2444 Varius
278 2394 365 2456 ducit;
383 2393 461 2445 molle
473 2401 553 2460 atque
564 2395 680 2446 facetum

32 2458 141 2528 Virgilio
154 2469 306 2514 annuerunt
319 2462 462 2528 gaudentes
474 2479 533 2514 rnre
545 2462 670 2515 Camenae.

32 2527 84 2582 Hoc
97 2535 166 2594 erat,
179 2538 286 2597 experto
298 2529 397 2582 frustra
409 2531 525 2582 Varrone
538 2531 649 2584 Atacino

30 2597 117 2668 Atque
130 2597 287 2668 qmbusdam
299 2599 365 2666 eliis,
378 2599 471 2651 melius
484 2601 554 2666 quod
566 2598 675 2652 scribere
687 2615 794 2666 possem,
