1866 2874
92 88 144 140 136
411 85 565 138 HORATII

85 191 189 246 Dividit
200 195 232 244 ut
242 189 311 242 bone
322 188 438 253 diversis,
450 186 576 254 fugiende
588 184 723 253 petendis3

85 262 111 314 N
112 279 140 314 ec
152 262 240 313 vincet
252 260 319 311 ratio
331 258 387 320 hoc,
400 256 556 308 tantundem
568 261 600 306 ut
611 260 701 322 peccet
713 253 840 322 idemque

87 330 137 393 Qui
149 336 251 382 teneros
263 328 350 380 caules
362 325 441 378 alieni
453 324 560 391 fregerit
572 323 649 389 horti,

87 397 122 451 Et
134 398 181 466 qui
191 403 336 450 nocturnus
347 411 421 447 secte
433 393 532 446 Divum
543 392 643 460 legerit.
679 390 756 442 Adsit

87 467 196 536 Regulo,
208 465 323 534 peccetis
335 479 393 532 quae
406 479 495 530 poenes
506 462 604 528 irroget
616 477 712 528 aequns,

87 535 128 589 Ne
139 537 239 588 scutica
251 534 362 601 dignum
374 530 493 584 horribili
504 536 602 582 sectere
613 528 725 596 flagello.

87 604 164 670 Nam,
176 609 208 656 ut
219 601 304 656 serule
316 601 400 654 cedes
412 599 535 651 meritum
546 600 645 665 mejore
656 596 743 648 subire
827 599 878 648 120

88 672 209 737 Verbere,
221 688 274 724 non
286 687 382 735 vereor,
394 684 477 736 quum
489 667 561 719 dione
573 684 627 719 esse
638 682 713 733 peres
724 681 765 716 res

88 740 110 794 F
111 748 171 794 urte
182 740 326 793 latrociniis
337 744 365 790 et
376 737 480 804 mugnis
492 753 572 804 perse
584 735 691 786 mineris

88 811 167 864 Felce
178 810 322 862 recisurum
334 806 414 858 simili
426 811 460 870 te,
473 806 494 856 si
507 805 556 857 tibi
568 820 681 872 regnum

88 878 250 932 Permittant
262 876 386 929 homines.
421 873 449 926 si
461 874 542 939 dives,
553 873 600 941 qui
611 872 715 940 sepiens
726 874 773 937 est,

88 948 124 1000 Et
136 954 209 999 sutor
220 947 303 998 bonus
315 950 342 997 et
354 944 423 997 solus
435 943 562 994 formosus
573 948 601 994 et
613 946 652 994 est
663 957 725 1003 rex;

89 1013 141 1067 Gur
150 1021 225 1082 optas
234 1015 304 1081 quod
313 1013 412 1066 hebesl
432 1011 513 1064 “Non
524 1012 670 1080 nosti‚quid
679 1009 879 1078 parerss’inqmt,
924 995 925 1072 l

90 1082 106 1110 “
113 1082 273 1151 Chrysippus
286 1083 372 1136 dicet:
392 1081 500 1149 Sapiens
512 1081 629 1148 crepides
641 1079 691 1130 sibi
702 1095 839 1144 nunquam

90 1131 145 1203 llec
157 1151 238 1204 soleas
251 1152 321 1214 iecit,
334 1156 407 1202 sutor
418 1155 507 1202 temen
519 1155 560 1201 est
572 1148 697 1216 sepiene.”
733 1147 787 1206 Qui
799 1146 810 1198 ‘l

90 1220 105 1249 “
114 1219 157 1285 Ut,
170 1220 290 1288 quemvis
302 1225 373 1271 tacet
385 1219 570 1284 Hermogenes,
582 1222 672 1268 centor
685 1219 774 1266 minen
785 1221 868 1281 etque

90 1285 111 1338 Ο
130 1287 211 1338 timus
224 1291 263 1337 est
275 1284 436 1345 modulator;
455 1289 484 1336 ut
497 1283 607 1336 Alienus
618 1282 698 1349 refer,
711 1281 783 1334 omni
828 1285 879 1335 1³0

89 1303 199 1421 Aljeeto
211 1355 385 1406 instrumento
397 1353 462 1404 ortis
474 1351 613 1419 clsuseque
626 1349 742 1432 teberue,

89 1421 168 1474 Sutor
180 1429 245 1489 eret,
257 1423 359 1489 sopiens
371 1421 455 1489 operis
467 1421 504 1472 sic
516 1421 630 1487 optimus
642 1436 726 1471 omnis

88 1489 137 1542 Est
149 1488 237 1554 opifex
251 1491 328 1555 solus,
341 1490 377 1542 sic
389 1489 459 1542 rex.’'
496 1490 607 1544 Vellunt
619 1489 669 1542 tibi
680 1488 789 1542 berbern

89 1553 191 1608 Lascivi
204 1557 293 1623 pueri3
312 1573 376 1623 quos
388 1562 418 1607 tu
430 1556 481 1606 nisi
493 1556 563 1608 fuste
576 1558 684 1621 coerces,

89 1623 196 1691 Urgeris
208 1624 286 1678 turbe
298 1625 397 1676 circum
409 1631 435 1678 te
448 1629 535 1676 stante
547 1625 677 1692 miserque

90 1691 229 1758 Rumperis
242 1697 269 1744 et
281 1693 368 1758 letrae,
380 1710 536 1760 magnorum
547 1693 662 1744 maxime
673 1709 773 1759 regum.

89 1761 130 1812 Ne
142 1761 250 1842 longum
261 1761 370 1814 faciem:
389 1761 453 1813 dum
465 1767 496 1814 tu
507 1763 654 1829 quedrente
665 1763 787 1814 levatum

90 1829 147 1882 Rex
158 1830 216 1895 ibis,
228 1847 313 1898 neque
325 1837 352 1884 te
364 1831 409 1898 qui
439 1848 503 1882 uem
515 1831 625 1899 stipator
637 1831 759 1898 ineptum

90 1898 190 1952 Praeter
201 1899 349 1968 Crispinum
362 1905 432 1951 secte
450 1899 511 1965 itur,
523 1899 628 1952 etmihi
640 1899 730 1952 dulces

90 1967 237 2036 Ignoscent‚
250 1969 272 2022 si
284 1968 348 2036 quid
360 1985 468 2036 peccnro
480 1969 585 2034 stultus,
597 1967 691 2031 emici;
829 1970 880 2020 140

90 2037 175 2104 Inque
187 2038 270 2090 vicem
283 2038 389 2090 illorum
401 2037 488 2105 potiar
499 2037 596 2090 delicte
607 2037 728 2104 libenter,

90 2105 267 2176 Privatusque
278 2107 362 2175 magis
375 2107 463 2160 vivom
474 2112 501 2158 te
512 2124 574 2174 rege
585 2106 685 2160 beatus.

384 2239 512 2335 seriei
530 2282 577 2336 ιι.

90 2377 212 2430 Eunomo
220 2384 305 2459 'etque
318 2382 439 2436 celime
452 2384 690 2465 Aristophanesque
700 2384 796 2455 mete,

90 2447 179 2514 Atque
191 2447 237 2498 elu
249 2467 359 2516 quorum
371 2453 497 2504 comoedia
508 2463 594 2522 prisce
605 2469 720 2505 urorum
732 2459 781 2520 est,

91 2513 120 2565 Si
132 2515 190 2580 quis
203 2523 260 2568 eret
271 2519 366 2583 dignus
379 2521 496 2586 describi,
508 2523 578 2588 quod
590 2521 676 2572 melus
688 2538 719 2574 ec
730 2521 784 2589 fur,

90 2587 166 2639 'luod
178 2590 294 2642 moechus
308 2594 381 2655 soret,
394 2602 442 2648 eut
454 2598 568 2661 sicarius,
582 2604 629 2650 eut
641 2597 741 2664 alioqui
