1908 2886
236 106 484 161 EPIS'POLARUM
503 105 527 157 Ι.
546 109 570 172 6,
589 107 612 160 7.
770 109 819 158 199

15 235 16 264 t
47 211 82 263 lre
93 210 163 262 foras
175 209 253 278 pleno
266 209 389 263 tendebat
402 227 505 278 corpore
517 211 626 274 frustra;

15 269 18 333 l
47 280 87 330 Cui
99 279 213 331 mustela
225 279 321 347 procul,
334 279 361 332 Sl
375 280 420 346 vis,
433 281 479 347 ait,
491 280 603 348 effugere
614 279 699 337 istinc.

47 347 130 401 llacra
142 364 237 400 cavum
248 355 349 416 repetes
360 356 455 415 artum,
468 367 545 418 quem
556 367 643 402 maere
655 349 754 404 subisti.

14 435 18 485 3:
47 417 99 470 Hac
111 435 160 485 ego
172 418 194 469 si
206 433 263 469 com
282 417 346 469 ellor
356 419 477 485 imagine,
490 425 585 470 cuncta
596 419 698 488 resigno
705 437 714 484 ;

14 490 19 521 l
46 485 96 539 Nec
108 503 229 538 somnum
241 435 324 556 pibbis
335 486 414 539 laudo
427 493 501 539 satur
513 487 628 540 altilium
639 505 687 541 neo

13 524 18 617 l
47 555 579 609 oeseieeuslrsbumueeremamue.

47 624 116 693 Seps
127 624 303 678 verecundum
315 625 438 692 laudasti,
449 642 547 694 rexque
560 631 684 696 paterque

46 693 148 746 Audisti
160 711 253 761 coram,
266 711 314 746 nec
326 694 404 746 verbo
415 695 519 764 parcius
531 695 636 747 absens:

46 762 154 832 Inspice,
168 763 190 815 si
201 779 306 831 possum
317 763 414 816 donata
425 780 548 832 reponere
559 764 642 817 laetus.

47 833 122 884 Haud
133 831 203 885 male
215 832 390 900 Telemachus,
403 833 487 901 proles
499 834 623 902 patientis
636 833 738 888 Ulixei:
790 839 825 888 40

46 901 101 954 Non
113 907 153 954 est
165 907 243 970 aptus
255 902 328 970 equis
341 901 447 954 Ithace·
458 902 537 968 locus,
549 910 580 955 ut
591 920 625 954 ne
643 921 676 956 ue
688 903 774 973 planis

46 969 180 1023 Porrectus
192 971 283 1039 spatiis
295 987 343 1023 nec
354 971 446 1023 multae
459 973 581 1040 prodigus
592 920 695 1039 heibse5

47 1040 142 1106 Atride,
153 1040 238 1108 magis
250 1057 266 1092 a
285 1045 313 1092 ta
325 1037 374 1092 tibi
386 1046 433 1092 tua
445 1040 513 1094 dona
524 1041 677 1111 relinquam.

47 1109 157 1162 Parvum
169 1125 250 1177 parva
262 1057 355 1161 decent
362 1127 370 1172 ;
386 1110 453 1162 mihi
461 1112 518 1178 jam
529 1129 582 1163 non
593 1113 666 1180 regia
679 1111 768 1184 Roma,

48 1177 94 1230 Sed
105 1195 219 1231 vacuum
231 1176 311 1230 'libur
322 1178 409 1247 placet
420 1187 466 1231 eut
477 1179 582 1232 imbelle
594 1181 741 1237 Tarentum

11 1285 13 1378 p
48 1247 170 1300 Strenuus
182 1253 210 1300 et
220 1247 296 1300 fortis
308 1247 442 1316 causisque
454 1247 593 1370 Philippus
606 1251 713 1318 agendis

48 1316 181 1370 Olanssab
193 1316 283 1368 officiis
295 1322 414 1370 octsvem
426 1318 529 1370 circiter
560 1335 629 1370 oram

11 1379 14 1462 l
48 1385 114 1438 Dum
125 1385 195 1439 redit
207 1391 285 1456 atque
298 1385 363 1438 Foro
375 1386 487 1438 nimium
499 1388 596 1440 distare
609 1387 714 1442 Carinas

48 1455 107 1508 Jam
118 1454 226 1524 mendis
237 1461 303 1507 netu
315 1456 441 1524 queritur,
454 1457 596 1525 conspexit,
608 1464 638 1510 ut
650 1459 734 1527 aiunt,

12 1555 13 1558 =
48 1525 174 1578 Adrusum
187 1524 318 1592 quendam
329 1541 413 1576 sactae
424 1527 533 1578 tonsoris
546 1526 575 1578 in
586 1527 680 1581 umbre
794 1531 829 1583 60

12 1565 15 1652 i
49 1593 157 1648 tultello
168 1593 284 1672 proprios
295 1599 452 1662 purgantem
463 1594 558 1648 leniter
569 1611 677 1663 ungues.

12 1659 14 1740 l
48 1660 208 1728 “Demetn,”
220 1688 254 1698 —
266 1677 330 1728 puer
342 1661 385 1712 hic
397 1677 450 1712 non
461 1661 527 1715 laevu
534 1664 609 1730 jussu
621 1661 737 1732 Philippi

12 1755 13 1758 ¹
48 1729 196 1800 Accipiebat
207 1757 243 1768 -
255 1728 326 1795 “abi
339 1745 426 1796 quaere
437 1736 464 1782 et
475 1732 549 1797 refer,
561 1731 631 1784 unde
643 1733 724 1797 domo,
737 1729 804 1800 quie,

12 1797 14 1834 ¹
49 1800 124 1870 Cujus
135 1799 257 1865 fortunus,
269 1814 321 1866 quo
330 1799 364 1851 sit
376 1805 450 1868 patre
462 1817 545 1867 quove
557 1800 689 1868 patrono.''

50 1869 78 1936 lt,
90 1870 160 1922 redit
172 1873 200 1920 et
211 1873 308 1934 namt,
320 1867 456 1920 Vulteium
467 1868 571 1920 nomine
584 1869 700 1938 Menam,

12 1979 13 1986 ,
50 1938 202 2004 Prseconem,
213 1937 287 1989 tenui
299 1953 386 2004 censu,
398 1937 454 1988 sine
465 1937 580 2004 crimine,
592 1946 691 2006 notum,

12 2007 13 2012 ’
50 2007 80 2062 llt
92 2023 230 2080 propense
241 2006 446 2058 locoetcessare
458 2011 486 2058 et
497 2023 609 2074 querere
621 2014 648 2060 et
659 2008 701 2061 uti

51 2079 211 2130 Gaudentem
223 2075 361 2144 parvisque
373 2073 502 2127 sodalibus
515 2082 542 2128 et
554 2075 608 2129 lare
620 2083 690 2130 certo

51 2146 82 2198 llt
91 2147 164 2199 ludis
176 2148 272 2214 etpost
284 2143 371 2198 decisa
382 2145 487 2212 negotia
499 2145 601 2212 Campo.

49 2212 161 2265 “Scituri
173 2213 238 2265 libet
250 2229 283 2265 ex
295 2211 544 2334 ipso,}puodcunque
555 2212 635 2263 refers
649 2228 655 2272 ;
673 2209 716 2262 dic
794 2215 828 2266 60

50 2280 86 2333 Ad
97 2299 200 2334 coenam
212 2281 324 2335 veniat.’
385 2299 418 2333 on
432 2299 492 2333 sane
507 2279 609 2331 credere
623 2279 706 2344 Mena,

51 2349 137 2404 Mirari
150 2369 236 2404 secum
249 2352 352 2403 tacitus.
389 2351 457 2415 Quid
469 2349 576 2403 multat
600 2350 614 2375 ⁴·
624 2347 763 2416 Benigne,''

52 2417 201 2490 Respondet.
226 2421 332 2489 “Neget
339 2421 383 2472 ille
391 2421 456 2472 mihi
463 2419 490 2472 l”
508 2421 523 2450 “
533 2419 619 2485 Negat
627 2419 758 2486 improbus
767 2425 827 2472 etto

52 2487 169 2558 Negligit
182 2497 229 2542 aut
242 2489 354 2542 horret.”
385 2490 520 2542 Vulteium
532 2505 608 2539 mane
618 2487 755 2556 Philippus

56 2561 121 2614 Vilia
132 2559 290 2614 vendentem
302 2563 420 2611 tunicato
433 2569 520 2612 scruta
532 2563 634 2630 popello

389 2651 398 2668 ¹
414 2649 492 2687 lthscss
