1858 2874
77 163 111 214 ot

401 155 553 211 HORA'PII

106 283 110 292 ·
151 259 211 312 Hac
222 263 279 312 arte
291 258 388 312 Pollux
400 267 427 313 et
441 278 522 329 vagus
535 261 662 314 Hercules

150 328 246 381 Enisus
258 346 329 381 eroes
341 330 433 398 attigit
445 331 542 398 igneas,

185 398 255 462 Quos
267 397 337 450 inter
348 398 485 465 Augustus
497 399 651 452 recumbens

220 467 355 535 Purpureo
367 467 435 520 bibit
447 486 489 520 ore
501 475 599 521 nectar.

150 535 210 588 Hac
222 541 250 588 te
261 541 412 604 merentem,
425 537 529 590 Bacche
541 545 623 606 pater,
636 540 691 590 tuae

151 604 253 658 Verere
265 605 346 673 tigres
357 605 467 658 indocili
475 609 573 675 jugum

185 673 256 726 Collo
269 674 417 738 trahentes;
435 675 486 728 hac
499 675 624 740 Quirinus

220 742 314 796 Martis
327 745 400 813 equis
412 744 562 798 Acheronta
574 745 652 813 fugit,

151 811 263 864 Gratum
275 813 398 882 eloquuta
410 813 609 866 consiliantibus

151 880 171 934 J
171 898 257 933 unone
269 881 358 935 Divis:
377 883 454 950 Ilion,
467 882 536 934 Ilion

185 949 286 1002 Fatalis
298 951 463 1021 incestusque
472 952 557 1020 judex

220 1019 257 1070 Et
267 1020 363 1072 mulier
374 1022 511 1090 peregrina
524 1023 604 1075 vertit

151 1088 186 1141 In
197 1087 340 1157 pulverem,
353 1107 386 1142 ex
398 1108 450 1158 quo
462 1091 585 1144 destituit
597 1092 666 1144 Deos

151 1156 273 1210 Mercede
284 1165 363 1226 pacta
374 1159 529 1228 Laomedon,
542 1161 609 1212 mihi

188 1226 323 1295 (lastaeque
336 1228 492 1281 damnatum
504 1229 631 1283 Minervae

222 1297 288 1349 Cum
299 1297 397 1367 populo
410 1303 436 1351 et
450 1298 516 1352 duce
527 1299 706 1351 fraudulento.

154 1365 175 1419 J
175 1383 217 1419 am
229 1383 278 1419 neo
290 1366 408 1420 Lacaenae
420 1367 540 1436 splendet
552 1369 679 1420 adultera

153 1435 278 1488 Famosus
289 1437 384 1505 hospes
396 1455 445 1490 nec
458 1437 556 1488 Priami
568 1437 661 1490 domus

189 1504 299 1572 Perjura
311 1522 444 1573 pugnaces
457 1505 570 1558 Achivos

223 1573 361 1625 Hectoreis
373 1575 466 1642 opibus
477 1574 607 1642 refringit,

152 1642 307 1710 Nostrisque
319 1641 430 1694 ductum
443 1643 613 1696 seditionibus

153 1711 259 1764 Bellum
270 1709 373 1765 resedit.
409 1712 531 1764 Protinus
543 1718 571 1766 et
582 1728 675 1782 graves

189 1780 245 1832 Iras
258 1784 285 1831 et
296 1779 411 1833 invisum
424 1789 554 1850 nepotem,

223 1849 315 1902 Troica
327 1867 405 1918 quem
436 1853 519 1920 sperit
531 1849 655 1917 sacerdos,

153 1918 236 1972 Marti
247 1917 391 1985 redoneb03
409 1869 485 1972 illum
497 1937 545 1988 ego
557 1920 659 1974 lucidas

154 1989 225 2041 Inire
238 1988 317 2056 sedes,
330 1989 424 2042 ducere
436 1991 549 2042 nectaris

188 2058 269 2112 Sucos
281 2063 309 2109 et
321 2058 434 2111 adscribi
446 2059 541 2126 quietis

224 2127 366 2179 Ordinibus
378 2128 466 2195 patiar
476 2127 598 2180 Deorum.

154 2197 227 2249 Dum
238 2195 333 2263 longus
344 2197 415 2248 inter
427 2197 517 2248 saeviat
530 2197 599 2248 Ilion

155 2267 317 2331 Romamque
328 2270 431 2332 pontus,
445 2265 562 2334 qualibet
574 2263 678 2318 exsules

189 2334 223 2385 In
235 2339 310 2400 parte
322 2339 449 2400 regnanto
461 2335 547 2398 beati;

223 2401 296 2452 Dum
308 2401 406 2452 Priami
419 2403 573 2471 Paridisque
584 2403 663 2455 busto

155 2468 272 2522 Insultet
284 2474 433 2521 armentum
445 2478 472 2522 et
484 2472 585 2524 catulos
597 2471 660 2524 ferae

155 2535 247 2590 Celent
259 2536 360 2600 inulte,
373 2542 424 2588 stet
437 2539 596 2606 Capitolium

190 2604 306 2671 Fulgens
318 2603 540 2674 triumphatisque
571 2607 634 2660 ossit

226 2673 309 2724 Roma
320 2672 395 2724 ferox
407 2672 469 2725 dare
477 2675 539 2740 jura
582 2676 644 2730 edis.

839 303 922 382 10x

839 1022 922 1071 20,
