<?xml version="1.0" encoding="UTF-8"?>
<!DOCTYPE html PUBLIC "-//W3C//DTD XHTML 1.0 Transitional//EN"
    "http://www.w3.org/TR/xhtml1/DTD/xhtml1-transitional.dtd">
<html xmlns="http://www.w3.org/1999/xhtml" xml:lang="en" lang="en">
 <head>
  <title>
</title>
<meta http-equiv="Content-Type" content="text/html;charset=utf-8" />
  <meta name='ocr-system' content='tesseract 3.04.00' />
  <meta name='ocr-capabilities' content='ocr_page ocr_carea ocr_par ocr_line ocrx_word'/>
</head>
<body>
  <div class='ocr_page' id='page_1' title='image "./qhoratiiflaccio02horagoog_0253.png"; bbox 0 0 1908 2886; ppageno 0'>
   <div class='ocr_carea' id='block_1_1' title="bbox 1 136 566 218">
    <p class='ocr_par' dir='ltr' id='par_1_1' title="bbox 1 136 566 218">
     <span class='ocr_line' id='line_1_1' title="bbox 1 136 566 218; baseline 0.014 -28"><span class='ocrx_word' id='word_1_1' title='bbox 1 199 2 218; x_wconf 15' lang='grc' dir='ltr'>ἶ</span> <span class='ocrx_word' id='word_1_2' title='bbox 98 136 151 192; x_wconf 78' lang='lat' dir='ltr'><strong>aas</strong></span> <span class='ocrx_word' id='word_1_3' title='bbox 410 145 566 200; x_wconf 76' lang='lat' dir='ltr'><strong>norrun</strong></span> 
     </span>
    </p>
   </div>
   <div class='ocr_carea' id='block_1_2' title="bbox 96 239 795 380">
    <p class='ocr_par' dir='ltr' id='par_1_2' title="bbox 96 239 795 380">
     <span class='ocr_line' id='line_1_2' title="bbox 96 239 795 311; baseline -0.004 -18"><span class='ocrx_word' id='word_1_4' title='bbox 96 239 176 294; x_wconf 85' lang='lat' dir='ltr'><strong>Forte</strong></span> <span class='ocrx_word' id='word_1_5' title='bbox 188 240 236 294; x_wconf 93' lang='lat' dir='ltr'><strong>sub</strong></span> <span class='ocrx_word' id='word_1_6' title='bbox 248 240 297 295; x_wconf 90' lang='lat' dir='ltr'><strong>hoc</strong></span> <span class='ocrx_word' id='word_1_7' title='bbox 309 245 413 311; x_wconf 89' lang='lat' dir='ltr'><strong>tempus</strong></span> <span class='ocrx_word' id='word_1_8' title='bbox 425 243 562 294; x_wconf 87' lang='lat' dir='ltr'><strong>castellum</strong></span> <span class='ocrx_word' id='word_1_9' title='bbox 575 244 688 294; x_wconf 83' lang='lat' dir='ltr'><strong>evertere</strong></span> <span class='ocrx_word' id='word_1_10' title='bbox 700 241 795 308; x_wconf 83' lang='lat' dir='ltr'><strong>praetor</strong></span> 
     </span>
     <span class='ocr_line' id='line_1_3' title="bbox 96 308 715 380; baseline -0.005 -18"><span class='ocrx_word' id='word_1_11' title='bbox 96 308 189 363; x_wconf 81' lang='lat' dir='ltr'><strong>Nescio</strong></span> <span class='ocrx_word' id='word_1_12' title='bbox 202 311 269 379; x_wconf 92' lang='lat' dir='ltr'><strong>quod</strong></span> <span class='ocrx_word' id='word_1_13' title='bbox 282 311 390 380; x_wconf 90' lang='lat' dir='ltr'><strong>cupiens</strong></span> <span class='ocrx_word' id='word_1_14' title='bbox 401 311 501 364; x_wconf 90' lang='lat' dir='ltr'><strong>hortari</strong></span> <span class='ocrx_word' id='word_1_15' title='bbox 513 311 593 379; x_wconf 86' lang='lat' dir='ltr'><strong>coepit</strong></span> <span class='ocrx_word' id='word_1_16' title='bbox 604 309 715 362; x_wconf 90' lang='lat' dir='ltr'><strong>eundem</strong></span> 
     </span>
    </p>
   </div>
   <div class='ocr_carea' id='block_1_3' title="bbox 1 378 859 514">
    <p class='ocr_par' dir='ltr' id='par_1_3' title="bbox 1 378 859 514">
     <span class='ocr_line' id='line_1_4' title="bbox 1 378 859 450; baseline 0 -20"><span class='ocrx_word' id='word_1_17' title='bbox 1 424 2 430; x_wconf 73' lang='grc'>,</span> <span class='ocrx_word' id='word_1_18' title='bbox 97 378 198 447; x_wconf 83' lang='lat' dir='ltr'><strong>Verbis,</strong></span> <span class='ocrx_word' id='word_1_19' title='bbox 210 397 268 448; x_wconf 71' lang='lat' dir='ltr'><strong>que</strong></span> <span class='ocrx_word' id='word_1_20' title='bbox 281 381 373 433; x_wconf 90' lang='lat' dir='ltr'><strong>timido</strong></span> <span class='ocrx_word' id='word_1_21' title='bbox 386 397 489 450; x_wconf 89' lang='lat' dir='ltr'><strong>quoque</strong></span> <span class='ocrx_word' id='word_1_22' title='bbox 500 385 604 449; x_wconf 80' lang='lat' dir='ltr'>possent</span> <span class='ocrx_word' id='word_1_23' title='bbox 616 378 710 431; x_wconf 78' lang='lat' dir='ltr'><strong>addere</strong></span> <span class='ocrx_word' id='word_1_24' title='bbox 722 382 859 430; x_wconf 88' lang='lat' dir='ltr'><strong>mentem:</strong></span> 
     </span>
     <span class='ocr_line' id='line_1_5' title="bbox 97 443 802 514; baseline 0 -19"><span class='ocrx_word' id='word_1_25' title='bbox 97 444 112 470; x_wconf 87' lang='lat'>“</span> <span class='ocrx_word' id='word_1_26' title='bbox 125 445 145 510; x_wconf 94' lang='lat' dir='ltr'><strong>l,</strong></span> <span class='ocrx_word' id='word_1_27' title='bbox 158 444 231 510; x_wconf 90' lang='lat' dir='ltr'><strong>boue,</strong></span> <span class='ocrx_word' id='word_1_28' title='bbox 244 461 296 512; x_wconf 90' lang='lat' dir='ltr'><strong>quo</strong></span> <span class='ocrx_word' id='word_1_29' title='bbox 308 446 392 498; x_wconf 84' lang='lat' dir='ltr'><strong>virtus</strong></span> <span class='ocrx_word' id='word_1_30' title='bbox 405 454 454 498; x_wconf 80' lang='lat' dir='ltr'><strong>tua</strong></span> <span class='ocrx_word' id='word_1_31' title='bbox 467 451 494 498; x_wconf 88' lang='lat' dir='ltr'><strong>te</strong></span> <span class='ocrx_word' id='word_1_32' title='bbox 505 451 590 510; x_wconf 81' lang='lat' dir='ltr'><strong>vocat,</strong></span> <span class='ocrx_word' id='word_1_33' title='bbox 603 444 613 496; x_wconf 97' lang='lat' dir='ltr'><strong>i</strong></span> <span class='ocrx_word' id='word_1_34' title='bbox 625 445 691 514; x_wconf 92' lang='lat' dir='ltr'><strong>pede</strong></span> <span class='ocrx_word' id='word_1_35' title='bbox 704 443 802 510; x_wconf 81' lang='lat' dir='ltr'><strong>fausto,</strong></span> 
     </span>
    </p>
   </div>
   <div class='ocr_carea' id='block_1_4' title="bbox 92 511 951 2731">
    <p class='ocr_par' dir='ltr' id='par_1_4' title="bbox 97 511 843 583">
     <span class='ocr_line' id='line_1_6' title="bbox 97 511 843 583; baseline 0.001 -18"><span class='ocrx_word' id='word_1_36' title='bbox 97 512 213 566; x_wconf 77' lang='lat' dir='ltr'><strong>Grandia</strong></span> <span class='ocrx_word' id='word_1_37' title='bbox 225 514 328 566; x_wconf 85' lang='lat' dir='ltr'><strong>laturus</strong></span> <span class='ocrx_word' id='word_1_38' title='bbox 340 515 495 566; x_wconf 87' lang='lat' dir='ltr'><strong>meritorum</strong></span> <span class='ocrx_word' id='word_1_39' title='bbox 508 513 625 583; x_wconf 77' lang='lat' dir='ltr'><strong>praemia.</strong></span> <span class='ocrx_word' id='word_1_40' title='bbox 662 513 732 577; x_wconf 86' lang='lat' dir='ltr'><strong>Quid</strong></span> <span class='ocrx_word' id='word_1_41' title='bbox 745 519 800 566; x_wconf 88' lang='lat' dir='ltr'><strong>stas</strong></span> <span class='ocrx_word' id='word_1_42' title='bbox 811 511 843 566; x_wconf 84' lang='lat' dir='ltr'><strong>l&#39;&#39;</strong></span> 
     </span>
    </p>

    <p class='ocr_par' dir='ltr' id='par_1_5' title="bbox 95 580 797 652">
     <span class='ocr_line' id='line_1_7' title="bbox 95 580 797 652; baseline 0 -18"><span class='ocrx_word' id='word_1_43' title='bbox 95 580 159 635; x_wconf 88' lang='lat' dir='ltr'><strong>Post</strong></span> <span class='ocrx_word' id='word_1_44' title='bbox 172 583 229 635; x_wconf 86' lang='lat' dir='ltr'><strong>haec</strong></span> <span class='ocrx_word' id='word_1_45' title='bbox 241 582 286 635; x_wconf 88' lang='lat' dir='ltr'><strong>ille</strong></span> <span class='ocrx_word' id='word_1_46' title='bbox 301 591 376 636; x_wconf 90' lang='lat' dir='ltr'><strong>catus</strong></span> <span class='ocrx_word' id='word_1_47' title='bbox 389 583 562 652; x_wconf 81' lang='lat' dir='ltr'><strong>quantumvis</strong></span> <span class='ocrx_word' id='word_1_48' title='bbox 574 583 697 647; x_wconf 88' lang='lat' dir='ltr'><strong>rusticus,</strong></span> <span class='ocrx_word' id='word_1_49' title='bbox 710 583 724 609; x_wconf 87' lang='lat'><strong>“</strong></span> <span class='ocrx_word' id='word_1_50' title='bbox 734 582 797 650; x_wconf 83' lang='lat' dir='ltr'><strong>ibit,</strong></span> 
     </span>
    </p>

    <p class='ocr_par' dir='ltr' id='par_1_6' title="bbox 95 651 902 792">
     <span class='ocr_line' id='line_1_8' title="bbox 95 651 902 721; baseline 0.006 -18"><span class='ocrx_word' id='word_1_51' title='bbox 95 651 152 704; x_wconf 80' lang='lat' dir='ltr'><strong>Ibit</strong></span> <span class='ocrx_word' id='word_1_52' title='bbox 163 670 200 718; x_wconf 92' lang='lat' dir='ltr'><strong>eo,</strong></span> <span class='ocrx_word' id='word_1_53' title='bbox 213 670 264 721; x_wconf 90' lang='lat' dir='ltr'><strong>quo</strong></span> <span class='ocrx_word' id='word_1_54' title='bbox 277 653 324 719; x_wconf 86' lang='lat' dir='ltr'><strong>vis,</strong></span> <span class='ocrx_word' id='word_1_55' title='bbox 337 653 384 721; x_wconf 92' lang='lat' dir='ltr'><strong>qui</strong></span> <span class='ocrx_word' id='word_1_56' title='bbox 396 670 490 706; x_wconf 83' lang='lat' dir='ltr'><strong>zonam</strong></span> <span class='ocrx_word' id='word_1_57' title='bbox 503 651 642 721; x_wconf 88' lang='lat' dir='ltr'><strong>perdidit,’‘</strong></span> <span class='ocrx_word' id='word_1_58' title='bbox 655 652 752 720; x_wconf 90' lang='lat' dir='ltr'><strong>inquit.</strong></span> <span class='ocrx_word' id='word_1_59' title='bbox 862 659 902 708; x_wconf 90' lang='grc'><strong>40</strong></span> 
     </span>
     <span class='ocr_line' id='line_1_9' title="bbox 95 720 690 792; baseline -0.003 -18"><span class='ocrx_word' id='word_1_60' title='bbox 95 720 184 774; x_wconf 85' lang='lat' dir='ltr'><strong>Romae</strong></span> <span class='ocrx_word' id='word_1_61' title='bbox 196 722 292 774; x_wconf 90' lang='lat' dir='ltr'><strong>nutriri</strong></span> <span class='ocrx_word' id='word_1_62' title='bbox 304 723 369 776; x_wconf 88' lang='lat' dir='ltr'><strong>mihi</strong></span> <span class='ocrx_word' id='word_1_63' title='bbox 382 723 494 792; x_wconf 84' lang='lat' dir='ltr'><strong>contigit</strong></span> <span class='ocrx_word' id='word_1_64' title='bbox 506 727 585 790; x_wconf 86' lang='lat' dir='ltr'><strong>atque</strong></span> <span class='ocrx_word' id='word_1_65' title='bbox 597 721 690 788; x_wconf 90' lang='lat' dir='ltr'><strong>doceri,</strong></span> 
     </span>
    </p>

    <p class='ocr_par' dir='ltr' id='par_1_7' title="bbox 94 789 696 860">
     <span class='ocr_line' id='line_1_10' title="bbox 94 789 696 860; baseline 0.003 -18"><span class='ocrx_word' id='word_1_66' title='bbox 94 789 181 843; x_wconf 88' lang='lat' dir='ltr'><strong>Iratus</strong></span> <span class='ocrx_word' id='word_1_67' title='bbox 195 792 278 844; x_wconf 81' lang='lat' dir='ltr'>Graiis</span> <span class='ocrx_word' id='word_1_68' title='bbox 291 802 420 860; x_wconf 87' lang='lat' dir='ltr'><strong>quantum</strong></span> <span class='ocrx_word' id='word_1_69' title='bbox 431 792 562 844; x_wconf 78' lang='lat' dir='ltr'><strong>nocuisset</strong></span> <span class='ocrx_word' id='word_1_70' title='bbox 574 790 696 844; x_wconf 86' lang='lat' dir='ltr'><strong>Achilles.</strong></span> 
     </span>
    </p>

    <p class='ocr_par' dir='ltr' id='par_1_8' title="bbox 93 859 692 931">
     <span class='ocr_line' id='line_1_11' title="bbox 93 859 692 931; baseline -0.003 -18"><span class='ocrx_word' id='word_1_71' title='bbox 93 860 219 929; x_wconf 85' lang='lat' dir='ltr'><strong>Adjecere</strong></span> <span class='ocrx_word' id='word_1_72' title='bbox 231 859 304 913; x_wconf 80' lang='lat' dir='ltr'><strong>bonae</strong></span> <span class='ocrx_word' id='word_1_73' title='bbox 317 861 405 930; x_wconf 91' lang='lat' dir='ltr'><strong>paullo</strong></span> <span class='ocrx_word' id='word_1_74' title='bbox 417 861 477 931; x_wconf 89' lang='lat' dir='ltr'><strong>plus</strong></span> <span class='ocrx_word' id='word_1_75' title='bbox 489 861 553 912; x_wconf 89' lang='lat' dir='ltr'><strong>artis</strong></span> <span class='ocrx_word' id='word_1_76' title='bbox 566 860 692 924; x_wconf 86' lang='lat' dir='ltr'><strong>Athenae;</strong></span> 
     </span>
    </p>

    <p class='ocr_par' dir='ltr' id='par_1_9' title="bbox 94 928 713 998">
     <span class='ocr_line' id='line_1_12' title="bbox 94 928 713 998; baseline -0.003 -16"><span class='ocrx_word' id='word_1_77' title='bbox 94 928 199 982; x_wconf 79' lang='lat' dir='ltr'><strong>Scilicet</strong></span> <span class='ocrx_word' id='word_1_78' title='bbox 211 936 241 982; x_wconf 91' lang='lat' dir='ltr'><strong>ut</strong></span> <span class='ocrx_word' id='word_1_79' title='bbox 253 930 347 982; x_wconf 84' lang='lat' dir='ltr'><strong>vellem</strong></span> <span class='ocrx_word' id='word_1_80' title='bbox 359 947 438 982; x_wconf 90' lang='lat' dir='ltr'><strong>curvo</strong></span> <span class='ocrx_word' id='word_1_81' title='bbox 450 930 600 998; x_wconf 83' lang='lat' dir='ltr'><strong>dignoscere</strong></span> <span class='ocrx_word' id='word_1_82' title='bbox 612 939 713 980; x_wconf 88' lang='lat' dir='ltr'><strong>rectum</strong></span> 
     </span>
    </p>

    <p class='ocr_par' dir='ltr' id='par_1_10' title="bbox 93 999 724 1067">
     <span class='ocr_line' id='line_1_13' title="bbox 93 999 724 1067; baseline 0.003 -17"><span class='ocrx_word' id='word_1_83' title='bbox 93 999 180 1066; x_wconf 85' lang='lat' dir='ltr'><strong>Atque</strong></span> <span class='ocrx_word' id='word_1_84' title='bbox 192 1000 261 1052; x_wconf 87' lang='lat' dir='ltr'><strong>inter</strong></span> <span class='ocrx_word' id='word_1_85' title='bbox 273 1000 351 1052; x_wconf 84' lang='lat' dir='ltr'><strong>silvas</strong></span> <span class='ocrx_word' id='word_1_86' title='bbox 364 1000 488 1052; x_wconf 81' lang='lat' dir='ltr'><strong>Academi</strong></span> <span class='ocrx_word' id='word_1_87' title='bbox 501 1016 614 1067; x_wconf 88' lang='lat' dir='ltr'><strong>quaerere</strong></span> <span class='ocrx_word' id='word_1_88' title='bbox 626 1015 724 1052; x_wconf 81' lang='lat' dir='ltr'><strong>verum.</strong></span> 
     </span>
    </p>

    <p class='ocr_par' dir='ltr' id='par_1_11' title="bbox 92 1067 695 1137">
     <span class='ocr_line' id='line_1_14' title="bbox 92 1067 695 1137; baseline -0.003 -15"><span class='ocrx_word' id='word_1_89' title='bbox 92 1067 167 1122; x_wconf 89' lang='lat' dir='ltr'><strong>Dura</strong></span> <span class='ocrx_word' id='word_1_90' title='bbox 179 1069 223 1121; x_wconf 89' lang='lat' dir='ltr'><strong>sed</strong></span> <span class='ocrx_word' id='word_1_91' title='bbox 236 1087 352 1122; x_wconf 86' lang='lat' dir='ltr'><strong>emovere</strong></span> <span class='ocrx_word' id='word_1_92' title='bbox 364 1069 419 1122; x_wconf 90' lang='lat' dir='ltr'><strong>loco</strong></span> <span class='ocrx_word' id='word_1_93' title='bbox 431 1086 473 1122; x_wconf 89' lang='lat' dir='ltr'><strong>me</strong></span> <span class='ocrx_word' id='word_1_94' title='bbox 485 1077 602 1137; x_wconf 89' lang='lat' dir='ltr'><strong>tempora</strong></span> <span class='ocrx_word' id='word_1_95' title='bbox 613 1076 695 1136; x_wconf 84' lang='lat' dir='ltr'><strong>grato,</strong></span> 
     </span>
    </p>

    <p class='ocr_par' dir='ltr' id='par_1_12' title="bbox 94 1137 703 1206">
     <span class='ocr_line' id='line_1_15' title="bbox 94 1137 703 1206; baseline 0 -16"><span class='ocrx_word' id='word_1_96' title='bbox 94 1137 234 1206; x_wconf 82' lang='lat' dir='ltr'><strong>Civilisque</strong></span> <span class='ocrx_word' id='word_1_97' title='bbox 246 1138 338 1192; x_wconf 88' lang='lat' dir='ltr'><strong>rudem</strong></span> <span class='ocrx_word' id='word_1_98' title='bbox 350 1138 413 1191; x_wconf 90' lang='lat' dir='ltr'><strong>belli</strong></span> <span class='ocrx_word' id='word_1_99' title='bbox 425 1138 488 1191; x_wconf 90' lang='lat' dir='ltr'><strong>tulit</strong></span> <span class='ocrx_word' id='word_1_100' title='bbox 500 1146 579 1190; x_wconf 84' lang='lat' dir='ltr'><strong>aestus</strong></span> <span class='ocrx_word' id='word_1_101' title='bbox 591 1138 618 1189; x_wconf 90' lang='lat' dir='ltr'><strong>in</strong></span> <span class='ocrx_word' id='word_1_102' title='bbox 631 1155 703 1190; x_wconf 88' lang='lat' dir='ltr'><strong>arma</strong></span> 
     </span>
    </p>

    <p class='ocr_par' dir='ltr' id='par_1_13' title="bbox 95 1206 680 1276">
     <span class='ocr_line' id='line_1_16' title="bbox 95 1206 680 1276; baseline 0.002 -18"><span class='ocrx_word' id='word_1_103' title='bbox 95 1206 200 1259; x_wconf 81' lang='lat' dir='ltr'><strong>Gaeseris</strong></span> <span class='ocrx_word' id='word_1_104' title='bbox 214 1208 327 1276; x_wconf 80' lang='lat' dir='ltr'><strong>Augusti</strong></span> <span class='ocrx_word' id='word_1_105' title='bbox 339 1225 392 1260; x_wconf 90' lang='lat' dir='ltr'><strong>non</strong></span> <span class='ocrx_word' id='word_1_106' title='bbox 404 1225 559 1276; x_wconf 88' lang='lat' dir='ltr'><strong>responsura</strong></span> <span class='ocrx_word' id='word_1_107' title='bbox 570 1207 680 1259; x_wconf 87' lang='lat' dir='ltr'><strong>lacertis.</strong></span> 
     </span>
    </p>

    <p class='ocr_par' dir='ltr' id='par_1_14' title="bbox 95 1275 708 1346">
     <span class='ocr_line' id='line_1_17' title="bbox 95 1275 708 1346; baseline -0.002 -18"><span class='ocrx_word' id='word_1_108' title='bbox 95 1275 170 1328; x_wconf 89' lang='lat' dir='ltr'><strong>Unde</strong></span> <span class='ocrx_word' id='word_1_109' title='bbox 182 1277 260 1330; x_wconf 88' lang='lat' dir='ltr'><strong>simul</strong></span> <span class='ocrx_word' id='word_1_110' title='bbox 272 1278 386 1346; x_wconf 88' lang='lat' dir='ltr'><strong>primum</strong></span> <span class='ocrx_word' id='word_1_111' title='bbox 398 1295 439 1329; x_wconf 88' lang='lat' dir='ltr'><strong>me</strong></span> <span class='ocrx_word' id='word_1_112' title='bbox 452 1277 572 1329; x_wconf 86' lang='lat' dir='ltr'><strong>dimisere</strong></span> <span class='ocrx_word' id='word_1_113' title='bbox 585 1275 708 1344; x_wconf 89' lang='lat' dir='ltr'><strong>Philippi,</strong></span> 
     </span>
    </p>

    <p class='ocr_par' dir='ltr' id='par_1_15' title="bbox 96 1344 887 1427">
     <span class='ocr_line' id='line_1_18' title="bbox 96 1344 887 1427; baseline -0.001 -27"><span class='ocrx_word' id='word_1_114' title='bbox 96 1344 193 1400; x_wconf 85' lang='lat' dir='ltr'><strong>Decisis</strong></span> <span class='ocrx_word' id='word_1_115' title='bbox 205 1346 331 1400; x_wconf 89' lang='lat' dir='ltr'><strong>humilem</strong></span> <span class='ocrx_word' id='word_1_116' title='bbox 343 1347 435 1415; x_wconf 90' lang='lat' dir='ltr'><strong>pennis</strong></span> <span class='ocrx_word' id='word_1_117' title='bbox 448 1347 603 1427; x_wconf 84' lang='lat' dir='ltr'><strong>inopemque</strong></span> <span class='ocrx_word' id='word_1_118' title='bbox 615 1345 719 1414; x_wconf 88' lang='lat' dir='ltr'><strong>paterni</strong></span> <span class='ocrx_word' id='word_1_119' title='bbox 849 1351 887 1399; x_wconf 80' lang='lat'><strong>50</strong></span> 
     </span>
    </p>

    <p class='ocr_par' dir='ltr' id='par_1_16' title="bbox 96 1412 708 1485">
     <span class='ocr_line' id='line_1_19' title="bbox 96 1412 708 1485; baseline -0.003 -17"><span class='ocrx_word' id='word_1_120' title='bbox 96 1412 129 1468; x_wconf 81' lang='lat' dir='ltr'><strong>Et</strong></span> <span class='ocrx_word' id='word_1_121' title='bbox 141 1415 202 1468; x_wconf 86' lang='lat' dir='ltr'><strong>laris</strong></span> <span class='ocrx_word' id='word_1_122' title='bbox 214 1424 241 1468; x_wconf 93' lang='lat' dir='ltr'><strong>et</strong></span> <span class='ocrx_word' id='word_1_123' title='bbox 252 1417 329 1468; x_wconf 83' lang='lat' dir='ltr'><strong>fundi</strong></span> <span class='ocrx_word' id='word_1_124' title='bbox 342 1423 482 1484; x_wconf 76' lang='lat' dir='ltr'><strong>paupertas</strong></span> <span class='ocrx_word' id='word_1_125' title='bbox 494 1415 601 1485; x_wconf 84' lang='lat' dir='ltr'><strong>impulit</strong></span> <span class='ocrx_word' id='word_1_126' title='bbox 613 1415 708 1480; x_wconf 83' lang='lat' dir='ltr'><strong>audax,</strong></span> 
     </span>
    </p>

    <p class='ocr_par' dir='ltr' id='par_1_17' title="bbox 97 1483 830 1552">
     <span class='ocr_line' id='line_1_20' title="bbox 97 1483 830 1552; baseline 0 -15"><span class='ocrx_word' id='word_1_127' title='bbox 97 1483 131 1536; x_wconf 90' lang='lat' dir='ltr'><strong>Ut</strong></span> <span class='ocrx_word' id='word_1_128' title='bbox 142 1502 231 1537; x_wconf 83' lang='lat' dir='ltr'><strong>versus</strong></span> <span class='ocrx_word' id='word_1_129' title='bbox 243 1485 370 1550; x_wconf 88' lang='lat' dir='ltr'><strong>facerem;</strong></span> <span class='ocrx_word' id='word_1_130' title='bbox 389 1486 440 1551; x_wconf 89' lang='lat' dir='ltr'><strong>sed,</strong></span> <span class='ocrx_word' id='word_1_131' title='bbox 453 1485 521 1552; x_wconf 90' lang='lat' dir='ltr'><strong>quod</strong></span> <span class='ocrx_word' id='word_1_132' title='bbox 534 1503 586 1537; x_wconf 89' lang='lat' dir='ltr'><strong>non</strong></span> <span class='ocrx_word' id='word_1_133' title='bbox 599 1485 673 1550; x_wconf 88' lang='lat' dir='ltr'><strong>desit,</strong></span> <span class='ocrx_word' id='word_1_134' title='bbox 687 1483 830 1537; x_wconf 81' lang='lat' dir='ltr'><strong>habentem</strong></span> 
     </span>
    </p>

    <p class='ocr_par' dir='ltr' id='par_1_18' title="bbox 94 1553 769 1624">
     <span class='ocr_line' id='line_1_21' title="bbox 94 1553 769 1624; baseline 0 -19"><span class='ocrx_word' id='word_1_135' title='bbox 94 1553 159 1616; x_wconf 78' lang='lat' dir='ltr'><strong>Qum</strong></span> <span class='ocrx_word' id='word_1_136' title='bbox 171 1559 294 1622; x_wconf 81' lang='lat' dir='ltr'><strong>poterunt</strong></span> <span class='ocrx_word' id='word_1_137' title='bbox 306 1573 422 1624; x_wconf 87' lang='lat' dir='ltr'><strong>unquam</strong></span> <span class='ocrx_word' id='word_1_138' title='bbox 435 1554 497 1607; x_wconf 87' lang='lat' dir='ltr'><strong>satis</strong></span> <span class='ocrx_word' id='word_1_139' title='bbox 510 1571 656 1624; x_wconf 85' lang='lat' dir='ltr'><strong>expurgare</strong></span> <span class='ocrx_word' id='word_1_140' title='bbox 668 1553 769 1621; x_wconf 86' lang='lat' dir='ltr'><strong>cicutae,</strong></span> 
     </span>
    </p>

    <p class='ocr_par' dir='ltr' id='par_1_19' title="bbox 92 1622 793 1692">
     <span class='ocr_line' id='line_1_22' title="bbox 92 1622 793 1692; baseline 0.003 -18"><span class='ocrx_word' id='word_1_141' title='bbox 92 1622 128 1675; x_wconf 83' lang='lat' dir='ltr'><strong>Ni</strong></span> <span class='ocrx_word' id='word_1_142' title='bbox 140 1623 233 1675; x_wconf 91' lang='lat' dir='ltr'><strong>melius</strong></span> <span class='ocrx_word' id='word_1_143' title='bbox 246 1623 356 1676; x_wconf 86' lang='lat' dir='ltr'><strong>dormire</strong></span> <span class='ocrx_word' id='word_1_144' title='bbox 369 1631 459 1692; x_wconf 90' lang='lat' dir='ltr'><strong>putem</strong></span> <span class='ocrx_word' id='word_1_145' title='bbox 473 1641 553 1690; x_wconf 88' lang='lat' dir='ltr'><strong>quam</strong></span> <span class='ocrx_word' id='word_1_146' title='bbox 565 1623 675 1676; x_wconf 89' lang='lat' dir='ltr'><strong>scribere</strong></span> <span class='ocrx_word' id='word_1_147' title='bbox 687 1622 793 1676; x_wconf 74' lang='lat' dir='ltr'><strong>versus?</strong></span> 
     </span>
    </p>

    <p class='ocr_par' dir='ltr' id='par_1_20' title="bbox 93 1691 689 1761">
     <span class='ocr_line' id='line_1_23' title="bbox 93 1691 689 1761; baseline 0.002 -18"><span class='ocrx_word' id='word_1_148' title='bbox 93 1691 202 1759; x_wconf 81' lang='lat' dir='ltr'><strong>Singula</strong></span> <span class='ocrx_word' id='word_1_149' title='bbox 214 1693 246 1744; x_wconf 89' lang='lat' dir='ltr'><strong>de</strong></span> <span class='ocrx_word' id='word_1_150' title='bbox 258 1692 332 1744; x_wconf 89' lang='lat' dir='ltr'><strong>nobis</strong></span> <span class='ocrx_word' id='word_1_151' title='bbox 344 1693 408 1745; x_wconf 89' lang='lat' dir='ltr'><strong>anni</strong></span> <span class='ocrx_word' id='word_1_152' title='bbox 419 1694 571 1761; x_wconf 87' lang='lat' dir='ltr'><strong>praedantur</strong></span> <span class='ocrx_word' id='word_1_153' title='bbox 583 1700 689 1758; x_wconf 82' lang='lat' dir='ltr'><strong>euntes3</strong></span> 
     </span>
    </p>

    <p class='ocr_par' dir='ltr' id='par_1_21' title="bbox 92 1761 714 1830">
     <span class='ocr_line' id='line_1_24' title="bbox 92 1761 714 1830; baseline 0 -16"><span class='ocrx_word' id='word_1_154' title='bbox 92 1761 219 1830; x_wconf 85' lang='lat' dir='ltr'><strong>Eripuere</strong></span> <span class='ocrx_word' id='word_1_155' title='bbox 227 1763 306 1830; x_wconf 87' lang='lat' dir='ltr'><strong>jocos,</strong></span> <span class='ocrx_word' id='word_1_156' title='bbox 321 1763 454 1827; x_wconf 85' lang='lat' dir='ltr'><strong>Venerem,</strong></span> <span class='ocrx_word' id='word_1_157' title='bbox 468 1763 594 1828; x_wconf 85' lang='lat' dir='ltr'><strong>convivia,</strong></span> <span class='ocrx_word' id='word_1_158' title='bbox 607 1762 714 1826; x_wconf 90' lang='lat' dir='ltr'><strong>ludum;</strong></span> 
     </span>
    </p>

    <p class='ocr_par' dir='ltr' id='par_1_22' title="bbox 92 1830 787 1900">
     <span class='ocr_line' id='line_1_25' title="bbox 92 1830 787 1900; baseline 0 -16"><span class='ocrx_word' id='word_1_159' title='bbox 92 1830 215 1884; x_wconf 74' lang='lat' dir='ltr'><strong>Tendunt</strong></span> <span class='ocrx_word' id='word_1_160' title='bbox 227 1837 379 1899; x_wconf 85' lang='lat' dir='ltr'><strong>extorquere</strong></span> <span class='ocrx_word' id='word_1_161' title='bbox 391 1833 528 1900; x_wconf 67' lang='lat' dir='ltr'><strong>poemata3</strong></span> <span class='ocrx_word' id='word_1_162' title='bbox 546 1831 609 1900; x_wconf 92' lang='lat' dir='ltr'><strong>quid</strong></span> <span class='ocrx_word' id='word_1_163' title='bbox 622 1831 717 1884; x_wconf 80' lang='lat' dir='ltr'><strong>faciam</strong></span> <span class='ocrx_word' id='word_1_164' title='bbox 730 1830 787 1884; x_wconf 75' lang='lat' dir='ltr'><strong>visi</strong></span> 
     </span>
    </p>

    <p class='ocr_par' dir='ltr' id='par_1_23' title="bbox 92 1900 951 2177">
     <span class='ocr_line' id='line_1_26' title="bbox 92 1900 951 1970; baseline 0.002 -17"><span class='ocrx_word' id='word_1_165' title='bbox 92 1900 211 1970; x_wconf 89' lang='lat' dir='ltr'><strong>Denique</strong></span> <span class='ocrx_word' id='word_1_166' title='bbox 222 1918 275 1953; x_wconf 92' lang='lat' dir='ltr'><strong>non</strong></span> <span class='ocrx_word' id='word_1_167' title='bbox 287 1918 374 1952; x_wconf 90' lang='lat' dir='ltr'><strong>omnes</strong></span> <span class='ocrx_word' id='word_1_168' title='bbox 387 1901 476 1952; x_wconf 87' lang='lat' dir='ltr'><strong>eadem</strong></span> <span class='ocrx_word' id='word_1_169' title='bbox 488 1901 618 1952; x_wconf 87' lang='lat' dir='ltr'><strong>mirantur</strong></span> <span class='ocrx_word' id='word_1_170' title='bbox 630 1908 786 1970; x_wconf 82' lang='lat' dir='ltr'><strong>amantque:</strong></span> <span class='ocrx_word' id='word_1_171' title='bbox 950 1963 951 1966; x_wconf 8' lang='grc' dir='ltr'><strong>Ἴ</strong></span> 
     </span>
     <span class='ocr_line' id='line_1_27' title="bbox 93 1969 951 2051; baseline -0.003 -28"><span class='ocrx_word' id='word_1_172' title='bbox 93 1970 212 2024; x_wconf 80' lang='lat' dir='ltr'><strong>Carmine</strong></span> <span class='ocrx_word' id='word_1_173' title='bbox 224 1976 254 2023; x_wconf 90' lang='lat' dir='ltr'><strong>tu</strong></span> <span class='ocrx_word' id='word_1_174' title='bbox 267 1970 372 2038; x_wconf 81' lang='lat' dir='ltr'><strong>gaudes,</strong></span> <span class='ocrx_word' id='word_1_175' title='bbox 384 1969 427 2022; x_wconf 89' lang='lat' dir='ltr'><strong>hio</strong></span> <span class='ocrx_word' id='word_1_176' title='bbox 440 1970 585 2022; x_wconf 86' lang='lat' dir='ltr'><strong>delectatur</strong></span> <span class='ocrx_word' id='word_1_177' title='bbox 596 1969 699 2038; x_wconf 86' lang='lat' dir='ltr'><strong>iambis,</strong></span> <span class='ocrx_word' id='word_1_178' title='bbox 950 1989 951 2051; x_wconf 60' lang='lat' dir='ltr'><strong>p</strong></span> 
     </span>
     <span class='ocr_line' id='line_1_28' title="bbox 93 2039 885 2107; baseline 0.001 -15"><span class='ocrx_word' id='word_1_179' title='bbox 93 2040 142 2092; x_wconf 87' lang='lat' dir='ltr'><strong>Ille</strong></span> <span class='ocrx_word' id='word_1_180' title='bbox 154 2041 257 2094; x_wconf 90' lang='lat' dir='ltr'><strong>Bioneis</strong></span> <span class='ocrx_word' id='word_1_181' title='bbox 270 2039 428 2092; x_wconf 87' lang='lat' dir='ltr'><strong>sermonibus</strong></span> <span class='ocrx_word' id='word_1_182' title='bbox 441 2047 467 2092; x_wconf 85' lang='lat' dir='ltr'><strong>et</strong></span> <span class='ocrx_word' id='word_1_183' title='bbox 480 2040 532 2091; x_wconf 87' lang='lat' dir='ltr'><strong>sale</strong></span> <span class='ocrx_word' id='word_1_184' title='bbox 545 2040 626 2107; x_wconf 85' lang='lat' dir='ltr'><strong>nigro.</strong></span> <span class='ocrx_word' id='word_1_185' title='bbox 847 2044 885 2093; x_wconf 88' lang='lat'><strong>60</strong></span> 
     </span>
     <span class='ocr_line' id='line_1_29' title="bbox 92 2108 740 2177; baseline 0.002 -16"><span class='ocrx_word' id='word_1_186' title='bbox 92 2108 153 2162; x_wconf 67' lang='lat' dir='ltr'><strong>&#39;ires</strong></span> <span class='ocrx_word' id='word_1_187' title='bbox 165 2110 231 2162; x_wconf 91' lang='lat' dir='ltr'><strong>mihi</strong></span> <span class='ocrx_word' id='word_1_188' title='bbox 243 2109 357 2162; x_wconf 76' lang='lat' dir='ltr'><strong>conviva</strong></span> <span class='ocrx_word' id='word_1_189' title='bbox 388 2126 449 2177; x_wconf 87' lang='lat' dir='ltr'><strong>rope</strong></span> <span class='ocrx_word' id='word_1_190' title='bbox 461 2109 598 2160; x_wconf 90' lang='lat' dir='ltr'><strong>dissentire</strong></span> <span class='ocrx_word' id='word_1_191' title='bbox 610 2108 740 2174; x_wconf 87' lang='lat' dir='ltr'><strong>videntur,</strong></span> 
     </span>
    </p>

    <p class='ocr_par' dir='ltr' id='par_1_24' title="bbox 92 2176 950 2524">
     <span class='ocr_line' id='line_1_30' title="bbox 92 2176 950 2254; baseline 0 -24"><span class='ocrx_word' id='word_1_192' title='bbox 92 2176 230 2232; x_wconf 82' lang='lat' dir='ltr'><strong>Pascentes</strong></span> <span class='ocrx_word' id='word_1_193' title='bbox 243 2179 313 2232; x_wconf 88' lang='lat' dir='ltr'><strong>vario</strong></span> <span class='ocrx_word' id='word_1_194' title='bbox 326 2197 352 2229; x_wconf 90' lang='lat' dir='ltr'><strong>m</strong></span> <span class='ocrx_word' id='word_1_195' title='bbox 382 2185 438 2231; x_wconf 89' lang='lat' dir='ltr'><strong>tum</strong></span> <span class='ocrx_word' id='word_1_196' title='bbox 452 2177 553 2230; x_wconf 86' lang='lat' dir='ltr'><strong>diversa</strong></span> <span class='ocrx_word' id='word_1_197' title='bbox 565 2177 660 2246; x_wconf 86' lang='lat' dir='ltr'><strong>palato.</strong></span> <span class='ocrx_word' id='word_1_198' title='bbox 949 2179 950 2254; x_wconf 59' lang='lat' dir='ltr'><strong>l</strong></span> 
     </span>
     <span class='ocr_line' id='line_1_31' title="bbox 92 2245 883 2316; baseline 0.003 -18"><span class='ocrx_word' id='word_1_199' title='bbox 92 2247 162 2311; x_wconf 84' lang='lat' dir='ltr'><strong>Quid</strong></span> <span class='ocrx_word' id='word_1_200' title='bbox 171 2249 248 2302; x_wconf 77' lang='lat' dir='ltr'><strong>demi</strong></span> <span class='ocrx_word' id='word_1_201' title='bbox 266 2249 330 2316; x_wconf 88' lang='lat' dir='ltr'><strong>quid</strong></span> <span class='ocrx_word' id='word_1_202' title='bbox 339 2265 393 2300; x_wconf 92' lang='lat' dir='ltr'><strong>non</strong></span> <span class='ocrx_word' id='word_1_203' title='bbox 403 2246 478 2300; x_wconf 79' lang='lat' dir='ltr'><strong>demi</strong></span> <span class='ocrx_word' id='word_1_204' title='bbox 494 2247 582 2299; x_wconf 88' lang='lat' dir='ltr'><strong>renuis</strong></span> <span class='ocrx_word' id='word_1_205' title='bbox 592 2253 629 2314; x_wconf 89' lang='lat' dir='ltr'><strong>tu,</strong></span> <span class='ocrx_word' id='word_1_206' title='bbox 637 2247 706 2316; x_wconf 89' lang='lat' dir='ltr'><strong>quod</strong></span> <span class='ocrx_word' id='word_1_207' title='bbox 712 2246 790 2315; x_wconf 90' lang='lat' dir='ltr'><strong>jubet</strong></span> <span class='ocrx_word' id='word_1_208' title='bbox 797 2245 867 2300; x_wconf 85' lang='lat' dir='ltr'><strong>alter</strong></span> <span class='ocrx_word' id='word_1_209' title='bbox 874 2268 883 2315; x_wconf 85' lang='lat'>;</span> 
     </span>
     <span class='ocr_line' id='line_1_32' title="bbox 92 2315 838 2385; baseline 0.004 -18"><span class='ocrx_word' id='word_1_210' title='bbox 92 2315 168 2379; x_wconf 84' lang='lat' dir='ltr'><strong>Quod</strong></span> <span class='ocrx_word' id='word_1_211' title='bbox 180 2318 254 2384; x_wconf 88' lang='lat' dir='ltr'><strong>petis,</strong></span> <span class='ocrx_word' id='word_1_212' title='bbox 268 2319 294 2370; x_wconf 86' lang='lat' dir='ltr'><strong>id</strong></span> <span class='ocrx_word' id='word_1_213' title='bbox 307 2335 369 2370; x_wconf 88' lang='lat' dir='ltr'><strong>sane</strong></span> <span class='ocrx_word' id='word_1_214' title='bbox 381 2324 420 2369; x_wconf 86' lang='lat' dir='ltr'><strong>est</strong></span> <span class='ocrx_word' id='word_1_215' title='bbox 432 2316 547 2369; x_wconf 85' lang='lat' dir='ltr'><strong>invisum</strong></span> <span class='ocrx_word' id='word_1_216' title='bbox 559 2316 716 2385; x_wconf 87' lang='lat' dir='ltr'><strong>acidumque</strong></span> <span class='ocrx_word' id='word_1_217' title='bbox 728 2316 838 2370; x_wconf 83' lang='lat' dir='ltr'><strong>duobus.</strong></span> 
     </span>
     <span class='ocr_line' id='line_1_33' title="bbox 92 2383 949 2459; baseline 0.005 -24"><span class='ocrx_word' id='word_1_218' title='bbox 92 2383 191 2436; x_wconf 84' lang='lat' dir='ltr'><strong>Praeter</strong></span> <span class='ocrx_word' id='word_1_219' title='bbox 203 2392 296 2454; x_wconf 88' lang='lat' dir='ltr'><strong>cetera,</strong></span> <span class='ocrx_word' id='word_1_220' title='bbox 308 2405 350 2439; x_wconf 91' lang='lat' dir='ltr'><strong>me</strong></span> <span class='ocrx_word' id='word_1_221' title='bbox 363 2386 485 2438; x_wconf 86' lang='lat' dir='ltr'><strong>Romaene</strong></span> <span class='ocrx_word' id='word_1_222' title='bbox 497 2387 620 2454; x_wconf 73' lang='lat' dir='ltr'><strong>poemata</strong></span> <span class='ocrx_word' id='word_1_223' title='bbox 632 2403 719 2438; x_wconf 88' lang='lat' dir='ltr'><strong>censes</strong></span> <span class='ocrx_word' id='word_1_224' title='bbox 948 2409 949 2459; x_wconf 58' lang='lat' dir='ltr'><strong>p</strong></span> 
     </span>
     <span class='ocr_line' id='line_1_34' title="bbox 92 2452 745 2524; baseline 0 -16"><span class='ocrx_word' id='word_1_225' title='bbox 92 2452 208 2508; x_wconf 81' lang='lat' dir='ltr'><strong>Scribere</strong></span> <span class='ocrx_word' id='word_1_226' title='bbox 219 2472 293 2523; x_wconf 87' lang='lat' dir='ltr'><strong>posse</strong></span> <span class='ocrx_word' id='word_1_227' title='bbox 305 2457 374 2508; x_wconf 86' lang='lat' dir='ltr'><strong>inter</strong></span> <span class='ocrx_word' id='word_1_228' title='bbox 386 2462 426 2507; x_wconf 92' lang='lat' dir='ltr'><strong>tot</strong></span> <span class='ocrx_word' id='word_1_229' title='bbox 438 2473 512 2508; x_wconf 85' lang='lat' dir='ltr'><strong>curas</strong></span> <span class='ocrx_word' id='word_1_230' title='bbox 525 2462 616 2524; x_wconf 82' lang='lat' dir='ltr'><strong>totque</strong></span> <span class='ocrx_word' id='word_1_231' title='bbox 628 2454 745 2508; x_wconf 78' lang='lat' dir='ltr'><strong>laboresl</strong></span> 
     </span>
    </p>

    <p class='ocr_par' dir='ltr' id='par_1_25' title="bbox 93 2521 786 2588">
     <span class='ocr_line' id='line_1_35' title="bbox 93 2521 786 2588; baseline 0.012 -17"><span class='ocrx_word' id='word_1_232' title='bbox 93 2521 148 2572; x_wconf 90' lang='lat' dir='ltr'><strong>Hic</strong></span> <span class='ocrx_word' id='word_1_233' title='bbox 160 2539 171 2572; x_wconf 96' lang='lat' dir='ltr'><strong>s</strong></span> <span class='ocrx_word' id='word_1_234' title='bbox 191 2538 283 2574; x_wconf 89' lang='lat' dir='ltr'><strong>cusum</strong></span> <span class='ocrx_word' id='word_1_235' title='bbox 295 2530 377 2588; x_wconf 83' lang='lat' dir='ltr'><strong>vocat,</strong></span> <span class='ocrx_word' id='word_1_236' title='bbox 390 2525 433 2575; x_wconf 92' lang='lat' dir='ltr'><strong>hic</strong></span> <span class='ocrx_word' id='word_1_237' title='bbox 445 2525 566 2576; x_wconf 87' lang='lat' dir='ltr'><strong>auditum</strong></span> <span class='ocrx_word' id='word_1_238' title='bbox 578 2525 628 2576; x_wconf 89' lang='lat' dir='ltr'><strong>scri</strong></span> <span class='ocrx_word' id='word_1_239' title='bbox 647 2531 675 2576; x_wconf 88' lang='lat' dir='ltr'><strong>ta</strong></span> <span class='ocrx_word' id='word_1_240' title='bbox 686 2523 786 2578; x_wconf 81' lang='lat' dir='ltr'><strong>relictis</strong></span> 
     </span>
    </p>

    <p class='ocr_par' dir='ltr' id='par_1_26' title="bbox 93 2540 731 2666">
     <span class='ocr_line' id='line_1_36' title="bbox 93 2540 731 2666; baseline 0.016 -29"><span class='ocrx_word' id='word_1_241' title='bbox 93 2540 220 2666; x_wconf 71' lang='lat' dir='ltr'><strong>Omnibus</strong></span> <span class='ocrx_word' id='word_1_242' title='bbox 233 2591 336 2651; x_wconf 89' lang='lat' dir='ltr'><strong>officiis;</strong></span> <span class='ocrx_word' id='word_1_243' title='bbox 355 2590 434 2642; x_wconf 88' lang='lat' dir='ltr'><strong>cubat</strong></span> <span class='ocrx_word' id='word_1_244' title='bbox 446 2592 490 2644; x_wconf 87' lang='lat' dir='ltr'><strong>hic</strong></span> <span class='ocrx_word' id='word_1_245' title='bbox 502 2592 531 2644; x_wconf 86' lang='lat' dir='ltr'><strong>in</strong></span> <span class='ocrx_word' id='word_1_246' title='bbox 543 2593 608 2646; x_wconf 89' lang='lat' dir='ltr'><strong>colle</strong></span> <span class='ocrx_word' id='word_1_247' title='bbox 621 2543 731 2661; x_wconf 51' lang='lat' dir='ltr'><strong>gumini,</strong></span> 
     </span>
    </p>

    <p class='ocr_par' dir='ltr' id='par_1_27' title="bbox 93 2652 736 2731">
     <span class='ocr_line' id='line_1_37' title="bbox 93 2652 736 2731; baseline 0.019 -27"><span class='ocrx_word' id='word_1_248' title='bbox 93 2652 146 2704; x_wconf 78' lang='lat' dir='ltr'><strong>Hic</strong></span> <span class='ocrx_word' id='word_1_249' title='bbox 158 2660 273 2708; x_wconf 84' lang='lat' dir='ltr'><strong>extremo</strong></span> <span class='ocrx_word' id='word_1_250' title='bbox 285 2657 313 2708; x_wconf 88' lang='lat' dir='ltr'><strong>in</strong></span> <span class='ocrx_word' id='word_1_251' title='bbox 325 2657 463 2726; x_wconf 84' lang='lat' dir='ltr'><strong>Aventino,</strong></span> <span class='ocrx_word' id='word_1_252' title='bbox 476 2660 598 2714; x_wconf 86' lang='lat' dir='ltr'><strong>visendus</strong></span> <span class='ocrx_word' id='word_1_253' title='bbox 610 2668 720 2731; x_wconf 89' lang='lat' dir='ltr'><strong>uterque</strong></span> <span class='ocrx_word' id='word_1_254' title='bbox 727 2680 736 2727; x_wconf 73' lang='grc' dir='ltr'><strong><em>ς</em></strong></span> 
     </span>
    </p>
   </div>
   <div class='ocr_carea' id='block_1_5' title="bbox 0 0 958 2886">
    <p class='ocr_par' dir='ltr' id='par_1_28' title="bbox 0 0 958 2886">
     <span class='ocr_line' id='line_1_38' title="bbox 0 0 958 2886; baseline 0 0"><span class='ocrx_word' id='word_1_255' title='bbox 0 0 958 2886; x_wconf 95' lang='lat' dir='ltr'><strong> </strong></span> 
     </span>
    </p>
   </div>
  </div>
 </body>
</html>
