1908 2886
113 103 163 154 134
427 98 579 154 HORA'HI

113 205 257 275 Oollajugo
269 226 277 272 ;
294 206 393 274 ‘Liber
405 207 471 260 liber
483 210 557 276 aum,’
569 211 612 263 die
624 227 679 278 age.
716 209 777 261 Non
790 211 875 279 quia3

112 275 196 346 Urget
207 279 277 331 enim
288 278 407 331 dominus
418 285 533 332 mentem
544 295 595 330 non
608 279 674 330 lenis
686 289 712 330 et
723 296 796 331 aerea

112 345 247 416 subjectat
259 347 325 400 laeuo
337 349 455 401 stimulos
466 353 603 416 versatque
614 353 760 414 negantem

112 412 162 468 vel
174 433 254 485 quum
266 415 394 470 Pausiaca
405 424 498 486 torpes,
510 418 607 482 insane,
619 416 723 483 tabella,

111 483 163 548 Qui
276 486 364 538 minua
376 495 453 555 atque
464 503 519 554 ego,
533 503 614 554 quum
627 485 705 537 Fulvi
718 485 890 556 Rutubaeque
935 519 936 546 v

111 552 168 606 eut
202 554 330 608 aoideiani
341 559 465 610 oontento
475 555 575 623 poplite
586 555 666 607 miror

110 619 206 676 Proelia
217 623 322 676 rubrica
333 625 406 693 picta
416 629 464 676 aut
475 624 592 689 carbone,
604 624 679 676 velut
690 624 713 676 ai

109 689 149 745 Ro
160 709 222 745 vera
233 700 359 761 pugnent,
371 693 469 746 feriam
480 693 617 760 vitentque
628 699 760 745 moventes

108 761 190 814 Arma
201 762 268 816 virii
302 762 422 831 Nequam
434 769 461 814 ot
472 768 584 814 oesaator
594 762 684 814 Davus
690 780 698 826 ;
715 769 745 814 at
755 763 814 831 ipae
847 768 900 816 100

109 828 218 884 Subtilia
230 838 348 884 votorum
357 831 440 900 judex
452 838 479 884 et
491 831 601 883 callidus
613 831 694 883 audis.

108 898 155 951 Nil
167 917 222 969 ogo,
234 900 257 954 ei
269 901 348 953 ducor
360 899 413 952 libo
424 901 557 953 fumante:
575 900 623 952 tibi
635 901 727 967 ingene

108 966 201 1021 Virtus
213 976 292 1038 atque
303 970 406 1022 animun
418 971 497 1022 eoenin
508 975 642 1037 responsat
653 968 765 1037 opimis?

108 1036 269 1106 Obsequium
280 1039 379 1091 ventris
390 1038 456 1090 mihi
467 1039 635 1122 perniciosius
647 1046 687 1090 eet
698 1038 762 1091 euri

107 1105 190 1174 'i'ergo
202 1107 301 1176 plector
312 1108 390 1161 euim
426 1107 478 1172 Qui
491 1113 522 1160 tu
534 1107 688 1175 impunitior
699 1107 752 1173 illa,

108 1174 173 1238 Qua
184 1193 264 1245 parvo
276 1177 345 1230 sumi
356 1184 497 1244 nequeunt,
509 1175 614 1230 obsonia
625 1177 733 1245 captant

106 1243 207 1314 Nempe
218 1246 412 1300 inamarescunt
424 1246 508 1314 epula
520 1246 576 1299 sine
587 1246 639 1300 fine
650 1247 747 1314 petita,

108 1313 235 1384 Illueique
247 1316 324 1384 pedae
335 1316 460 1368 vitiosum
471 1316 538 1368 ferre
549 1322 671 1368 recusant

107 1383 211 1452 Oorpua.
247 1388 289 1438 An
300 1385 344 1438 hio
355 1391 454 1453 peceat,
467 1385 514 1437 eub
526 1391 629 1437 noctem
641 1384 686 1454 qui
698 1401 764 1453 puer
775 1401 856 1440 uvam

106 1450 217 1506 Furtiva
227 1461 315 1508 mutat
326 1453 439 1522 strigili?
475 1454 526 1518 Qui
556 1454 636 1506 raedia
647 1454 745 1520 vendit,
841 1459 894 1508 110

105 1520 152 1573 Nil
164 1521 255 1574 servile
267 1524 336 1590 gulae
349 1540 441 1592 parona
452 1471 555 1575 habeti
583 1522 666 1589 Adde,
678 1524 747 1590 quod
758 1523 830 1576 idom

105 1589 165 1643 Non
176 1592 267 1644 horam
278 1598 366 1645 teoum
378 1609 432 1645 ease
442 1599 523 1660 potos,
535 1608 589 1644 non
600 1591 654 1644 otia
664 1597 735 1644 reete

105 1658 211 1726 Ponere,
223 1666 300 1728 teque
312 1662 398 1730 ipsum
410 1662 486 1727 vitae,
497 1661 628 1728 fugitivus
639 1667 667 1714 et
678 1678 743 1728 erro,

104 1728 125 1781 J
125 1746 168 1782 am
180 1731 241 1783 vino
253 1746 377 1798 quaerena,
385 1731 443 1798 jam
454 1747 543 1782 somno
554 1729 645 1782 fallere
656 1746 760 1782 euram:

104 1799 231 1862 Frustra3
250 1815 312 1851 uam
320 1816 405 1852 comeo
412 1807 470 1854 atra
478 1802 574 1869 premit
583 1803 751 1873 sequiturque
760 1806 914 1874 firgeeem.”

102 1870 118 1896 “
129 1869 204 1945 Unde
216 1867 283 1989 milii
295 1868 410 1937 lapidem
418 1869 444 1922 i”
463 1871 612 1934 “Quorsum
625 1879 665 1925 eat
676 1890 742 1942 opus
752 1875 778 1928 P‘
798 1876 901 1932 “Unde

139 1944 252 2004 sagittas
276 1937 290 1959 ”

108 2001 178 2058 “Aut
191 2007 291 2059 insanit
303 2008 380 2059 homo
392 2012 439 2060 aut
452 2025 541 2060 veraua
553 2007 644 2061 fauit.”
679 2011 783 2065 “Ocius
797 2015 861 2068 hinc
871 2025 900 2070 te

109 2075 146 2126 Ni
157 2075 238 2145 rapis,
250 2076 355 2129 accedes
367 2093 445 2146 opera
456 2094 519 2144 agro
531 2094 601 2131 nona
612 2079 734 2133 Sabino.”

377 2261 508 2316 SATIRA
525 2263 605 2320 VIII.

100 2364 116 2392 “
126 2364 166 2415 Ur
180 2365 315 2418 Nasidieni
324 2371 397 2436 juvit
410 2377 437 2424 te
447 2393 522 2428 coena
532 2375 623 2430 beati?

100 2428 172 2480 Nam
185 2432 251 2480 mihi
263 2439 389 2497 quaerenti
402 2443 539 2494 convivam
551 2444 637 2498 dictus
650 2445 711 2500 here
724 2447 780 2502 ilh'c

100 2493 142 2546 De
154 2497 240 2573 medio
252 2506 342 2574 potare
354 2503 421 2580 die!³
457 2509 472 2536 “
481 2511 532 2576 Sic,
544 2520 576 2564 ut
588 2515 654 2566 mihi
666 2533 803 2585 nunquam

100 2559 138 2611 In
150 2571 207 2612 vita
217 2562 299 2614 fuerit
310 2570 428 2622 mehue.”
463 2577 478 2602 “
487 2578 535 2644 Da,
548 2581 570 2631 ei
582 2598 661 2647 grave
673 2601 726 2635 non
739 2593 787 2654 est,

102 2625 166 2686 Qua
179 2629 264 2694 prima
274 2629 373 2686 iratum
385 2647 502 2694 ventrem
514 2647 659 2712 placaverit
671 2652 755 2706 ἅμ”
