1908 2886
124 143 175 194 226
433 149 584 202 HORATll

123 243 174 308 Qui
185 250 240 296 tam
252 243 394 296 ridiculum
405 248 461 295 tam
473 261 532 296 care
544 243 668 310 prodigus
680 244 751 311 emit,

122 311 215 380 Edicto
228 314 320 379 vetuit,
333 312 436 381 nequis
449 331 475 365 se
487 321 583 381 praeter
593 313 712 383 Apellem

122 381 247 452 Pingeret
259 388 306 435 aut
318 382 385 434 alius
398 382 511 451 Lysippo
524 383 630 435 duceret
642 400 693 434 aera
862 386 914 436 240

123 451 209 505 Fortis
221 452 365 504 Alexandri
377 452 480 504 vultum
493 452 650 504 simulantia.
687 453 797 516 Quodsi

123 523 142 575 J
144 523 260 574 udicium
272 521 367 572 subtile
379 521 498 573 videndis
511 521 610 573 artibus
622 522 689 573 illud

123 592 165 644 Ad
177 592 255 644 libros
267 598 294 643 et
305 591 340 643 ad
351 590 409 642 haec
421 591 557 643 Musarum
569 591 637 642 dona
649 609 760 660 vocares,

123 661 245 714 Boeotum
256 661 285 712 in
297 677 381 712 crasso
389 662 492 729 jurares
504 663 564 713 aere
576 669 675 713 natum,

123 731 160 783 At
171 747 255 798 neque
268 730 424 782 dedecorant
435 736 483 782 tua
495 731 527 781 de
539 748 565 782 se
574 730 676 798 judicia
687 736 767 799 atque

123 799 242 867 Munera,
255 817 310 869 quae
322 800 407 852 multa
418 799 506 851 dantis
519 816 579 851 cum
591 801 668 851 laude
681 800 799 852 tulerunt

124 869 222 922 Dilecti
233 869 282 922 tibi
296 869 422 936 Virgilius
436 869 582 936 Variusque
594 871 679 937 poetae
686 888 693 932 ;

125 938 180 992 Nec
191 941 275 1007 magis
288 938 402 1008 expressi
414 937 503 990 vultus
516 955 562 1006 per
573 941 655 990 aenea
668 939 749 1006 signa,

126 1007 213 1068 Quam
225 1027 271 1078 per
283 1009 350 1061 vatis
363 1024 427 1076 opus
439 1025 521 1059 mores
533 1008 666 1075 animique
679 1009 794 1060 virorum

125 1077 258 1130 (llarorum
270 1083 404 1146 apparent.
439 1077 465 1129 N
466 1094 495 1128 ec
507 1094 635 1128 sermones
648 1094 695 1144 ego
707 1077 814 1128 mallem
861 1081 913 1130 250

126 1146 255 1216 Repentes
267 1165 313 1216 per
325 1147 436 1198 humum
448 1163 526 1214 quam
538 1164 579 1198 res
592 1163 743 1214 componere
755 1154 850 1215 gestas,

125 1215 313 1284 Terrarumque
326 1216 391 1268 situs
403 1221 430 1267 et
442 1215 551 1268 fiumina
564 1215 647 1268 dicere
660 1223 686 1267 et
698 1233 769 1267 arces

125 1284 261 1338 Montibus
273 1286 406 1354 impositas
419 1294 446 1336 et
458 1285 567 1337 barbara
578 1303 659 1352 regna
671 1285 775 1352 tuisque

126 1355 257 1423 Auspiciis
269 1360 355 1407 totum
368 1354 486 1407 confecta
498 1354 585 1406 duella
597 1372 643 1422 per
655 1355 749 1421 orbem,

127 1423 297 1492 claustraque
310 1424 443 1476 custodem
455 1424 526 1493 pacis
539 1423 686 1476 cohibentia
697 1424 717 1476 J
718 1441 799 1476 anum

125 1491 161 1546 nt
173 1493 341 1546 formidatam
352 1493 457 1548 Parthis
469 1499 496 1546 te
507 1493 624 1562 principe
637 1493 753 1560 Romam,

127 1561 161 1628 Si,
167 1568 296 1630 quantum
301 1580 427 1631 cuperem,
432 1580 532 1632 possem
537 1579 649 1630 quoque;
662 1563 705 1614 sed
711 1579 795 1629 neque
800 1579 913 1632 pervum

127 1631 237 1684 Carmen
248 1634 369 1700 majestas
381 1633 474 1700 recipit
486 1640 533 1684 tua
544 1649 592 1683 nec
604 1649 676 1683 meus
689 1631 769 1684 audet

127 1699 192 1753 Rem
204 1706 306 1753 tentare
318 1702 408 1770 pudor,
421 1719 499 1768 quam
511 1702 578 1754 vires
589 1701 656 1752 ferre
668 1706 794 1754 recusent

126 1769 257 1824 Sedulitas
269 1776 365 1838 autem,
378 1771 458 1823 stulte
471 1787 548 1838 quem
560 1771 654 1838 diligit,
667 1777 752 1838 urget,
861 1773 913 1824 260

127 1838 263 1909 Praecipue
274 1857 355 1909 quum
367 1858 393 1892 se
405 1840 519 1893 numeris
532 1839 695 1892 commendet
708 1847 734 1891 et
746 1844 816 1892 arte:

127 1908 212 1962 Discit
224 1909 294 1962 enim
306 1910 383 1962 citius
395 1909 566 1977 meminitque
578 1909 702 1961 libentius
714 1909 788 1974 illud,

128 1979 203 2044 Quod
215 1979 273 2048 quis
286 1979 394 2046 deridet,
407 1996 486 2047 quam
498 1979 566 2047 quod
578 1977 670 2046 probet
682 1983 710 2030 et
722 1984 869 2032 veneratur.

127 2048 173 2101 Nil
185 2066 269 2102 moror
281 2048 402 2116 officium,
414 2048 483 2117 quod
495 2065 537 2100 me
548 2054 648 2115 gravat,
660 2065 691 2100 ac
702 2064 788 2117 neque
799 2047 862 2100 ficto

128 2116 161 2169 In
173 2121 247 2188 pejus
259 2119 337 2172 vultu
349 2119 458 2187 proponi
470 2135 558 2169 cereus
571 2134 687 2184 usquam,

127 2186 154 2240 N
154 2205 182 2240 ee
193 2206 273 2257 prave
285 2188 363 2240 factis
375 2187 490 2240 decorari
502 2186 618 2239 versibus
630 2193 699 2254 opto,

128 2255 169 2308 Ne
179 2257 287 2318 rubeam
299 2257 393 2326 pingui
404 2257 516 2308 donatus
527 2272 635 2308 munere
647 2261 674 2308 et
687 2273 739 2307 una

125 2324 195 2377 ¹(lum
208 2327 331 2395 scriptore
343 2343 400 2378 meo
412 2343 490 2394 capsa
502 2331 634 2394 porrectus
646 2333 746 2393 aperta,

128 2392 237 2446 Deferar
248 2395 276 2446 in
288 2395 376 2448 vicum
388 2397 545 2449 vendentem
556 2394 617 2446 thus
630 2403 656 2446 et
668 2394 757 2446 odores

15 2441 18 2446 Ι
120 2461 164 2530 Et
175 2463 250 2534 piper
261 2469 288 2516 et
300 2465 427 2534 quidquid
439 2465 535 2518 chartis
547 2464 669 2517 amicitur
682 2464 785 2534 ineptis.
864 2467 917 2519 270
