1866 2874
100 115 148 165 100
408 115 565 170 nonnuli

166 221 203 275 Te
214 238 268 274 non
279 222 400 290 paventis
411 221 506 274 funere
518 219 611 274 Gellia

166 291 297 358 Duraeque
309 291 388 344 tellus
399 290 475 344 audit
488 289 587 356 Iberire,

200 360 237 413 Te
249 359 319 411 eaede
330 358 476 428 gaudentes
488 357 628 426 Sugambri

236 427 391 497 Compositis
402 433 563 482 venerentur
574 427 662 482 umis.

235 629 390 704 ΟΔΒΜΕΗΔ
401 646 451 702 XV
452 660 615 702 .-iuouer1
628 660 744 700 anuum

99 737 107 766 ι

166 772 287 828 Pnueue
298 773 430 828 volentem
441 773 536 843 proelia
547 789 589 826 me
601 773 675 843 loqui

167 843 259 896 vietae
271 848 298 896 et
309 843 386 896 urbee
398 843 530 912 increpuit
540 843 607 912 lyre,

200 911 241 965 Ne
346 912 512 981 Tyrrhenum
523 929 570 980 per
583 926 671 980 aequor

79 1007 80 1012 =
261 980 410 1034 eludarem
445 980 512 1044 Tne,
525 980 618 1048 Oaeeer,
631 985 694 1034 etas

165 1046 265 1128 Fruges
277 1053 304 1101 et
315 1049 386 1116 egris
396 1049 501 1102 rettulit
513 1049 605 1102 uberes

165 1115 202 1170 Et
213 1133 289 1184 ngare
300 1123 388 1172 nostro
399 1118 518 1171 restituit
529 1118 549 1172 J
549 1119 592 1170 ori

199 1184 316 1254 Derepta
327 1185 485 1240 Parthorum
497 1185 615 1255 superbie

235 1253 357 1307 Postibus
369 1260 397 1308 et
408 1271 521 1308 vacuum
533 1255 628 1308 duellia

164 1321 186 1376 J
186 1339 267 1376 enum
278 1323 383 1388 Quirini
395 1323 490 1377 elausit
502 1329 530 1377 et
541 1323 659 1376 ordinem

166 1391 278 1445 Rectum
291 1393 414 1460 evaganti
425 1392 501 1445 frena
511 1392 626 1446 lieentiae

199 1460 296 1529 injecit
307 1461 455 1530 emovitque
467 1461 559 1530 eulpae

234 1529 270 1580 Et
281 1534 382 1584 veteres
393 1530 526 1584 revocarit
537 1534 614 1596 artes,

165 1595 217 1650 Per
228 1612 293 1664 quer
305 1597 431 1652 Iatinum
442 1615 538 1652 nomen
550 1603 577 1652 et
589 1596 665 1651 Itale

165 1665 274 1719 (trevere
285 1667 353 1720 riree
364 1667 486 1736 famaque
498 1673 526 1721 et
536 1666 631 1736 imperi

199 1733 323 1788 Porreota
333 1738 456 1804 mejeetue
469 1735 502 1788 ad
515 1741 588 1790 ortua

234 1801 301 1858 Solis
313 1804 346 1858 ab
359 1805 487 1874 Hesperio
499 1805 586 1858 cubili.

165 1870 278 1927 custode
289 1890 377 1927 rerum
389 1873 489 1928 Oeeeore
500 1891 555 1926 non
565 1874 639 1928 furor

166 1939 257 1995 Civilis
268 1947 316 1996 aut
328 1943 368 1996 rie
380 1942 469 2011 exiget
481 1942 572 2010 otium,

198 2008 259 2064 Non
270 2012 317 2078 ire,
330 2027 388 2082 qne
399 2011 522 2094 procudit
534 2028 607 2066 eneoe

232 2080 269 2133 Et
279 2081 386 2134 miserae
398 2079 518 2134 inimicat
528 2080 612 2134 urbee

162 2145 230 2214 Non,
242 2150 288 2218 qui
300 2148 462 2219 profundum
473 2147 626 2203 Danubium
637 2148 744 2216 bibunt,

162 2213 258 2271 Edicta
268 2224 393 2288 rumpent
405 2218 425 2272 J
425 2217 487 2284 ulia,
499 2234 553 2270 nou
565 2217 646 2286 Geta,

199 2285 260 2339 Non
271 2287 345 2340 Seree
355 2286 464 2340 infidire
476 2285 568 2354 Perse,

232 2354 293 2406 Non
304 2355 407 2408 Tanain
418 2371 499 2435 prope
509 2354 609 2408 flumen
620 2355 681 2408 orti.

163 2419 269 2487 Nosque
280 2425 307 2473 et
317 2423 438 2500 profeetre
450 2421 553 2476 luoibue
564 2429 593 2477 et
604 2423 685 2480 saurir

164 2487 239 2540 Inter
247 2489 329 2554 joeou
340 2505 450 2542 munere
461 2490 548 2543 Liberi

199 2553 265 2606 cum
276 2554 349 2622 prole
359 2557 535 2626 matronisque
546 2559 650 2635 nostris,

234 2621 296 2673 Rite
307 2620 375 2674 Deos
386 2623 459 2692 prinu
470 2628 612 2696 appreeeti,
