1866 2874
61 109 93 160 86
380 103 532 158 HORA'PII

126 203 225 258 civiter
238 202 322 256 omnis
334 199 508 269 dabimusque
520 201 597 254 Divis

195 271 285 324 Thura
296 270 425 338 benignis.

126 341 164 394 Te
176 340 265 394 deeem
277 340 348 393 tauri
360 339 523 407 totidemque
534 354 628 405 vsecae,

126 409 172 463 Me
183 416 259 463 tener
270 408 354 463 solvet
366 408 475 473 vitulus,
487 407 580 460 relicte

127 478 215 532 Matre
227 478 272 546 qui
283 477 364 544 lurgis
372 476 521 546 juvenescit
532 475 620 528 herbis

196 547 230 599 In
241 563 300 598 mee
311 551 381 612 vota,

128 617 226 670 Fronte
237 619 359 668 curvatos
372 614 492 668 imitetur
504 614 580 681 ignes

127 685 247 738 'Pettium
258 683 340 736 Isunoe
351 683 489 736 referentis
501 688 596 750 ortum,

128 755 188 821 Qus
198 758 290 806 notam
302 752 381 805 duxit
392 752 487 807 niveus
498 751 590 817 videri,

197 822 290 877 Oetere
301 821 399 874 fulvus.

201 1035 350 1091 GARMEN
368 1035 494 1090 Ili-su
508 1051 708 1092 nnnrounrnr.

128 1160 212 1227 Qurrr
224 1167 264 1228 tu,
275 1160 449 1230 Melpomene,
461 1161 542 1214 semel

164 1231 191 1283 N
191 1235 323 1284 eseeutem
334 1230 438 1299 placido
449 1231 550 1283 lumine
561 1230 665 1298 sideris,

129 1298 211 1354 Illum
222 1317 275 1352 uon
287 1299 360 1353 labor
372 1299 500 1352 Isthmius

163 1369 279 1422 Olerebit
291 1368 415 1438 pugilem,
427 1385 481 1421 non
493 1385 575 1438 equus
587 1368 700 1438 impiger

128 1437 214 1492 Ourru
225 1438 305 1491 ducet
317 1437 432 1492 Aehsieo

163 1506 303 1574 Victorem,
314 1525 334 1559 n
366 1523 400 1560 ue
411 1524 452 1560 res
463 1506 559 1560 bellios
570 1507 655 1560 Deliis

129 1575 259 1630 ornatum
270 1575 340 1628 foliis
371 1593 454 1643 ueem,

162 1644 238 1709 Quod
248 1661 341 1711 regum
353 1645 469 1698 tumidus
482 1646 632 1700 contuderit
643 1645 736 1712 mines,

127 1712 254 1768 Ostendet
267 1712 408 1834 campitolio:

162 1781 213 1835 Sed
225 1797 282 1850 quae
315 1781 375 1834 ibur
387 1799 462 1851 equae
474 1782 562 1836 fertile
574 1783 716 1852 praefluunt
821 1789 853 1837 10

126 1851 163 1905 Et
175 1851 263 1933 spisse
275 1867 411 1904 nemorum
423 1868 504 1904 eomre

161 1920 277 1988 Fmgent
288 1919 375 1973 AEolio
387 1921 502 1974 carmine
513 1919 636 1975 nobilem

126 1988 216 2043 Romae
229 1989 356 2058 principis
367 1987 474 2042 urbium

160 2058 295 2126 Dignatur
306 2059 405 2112 soboles
417 2059 488 2111 inter
499 2057 626 2112 amabiles

126 2126 226 2180 Vatum
237 2144 334 2196 ponere
345 2144 388 2180 me
400 2127 498 2195 choros,

159 2195 195 2247 Et
203 2197 261 2263 jem
272 2196 352 2249 dente
363 2197 452 2249 minus
462 2197 582 2250 mordeor
593 2197 693 2251 invido.

125 2263 147 2318 0
159 2263 300 2317 testudinis
312 2281 399 2318 sureae

158 2331 271 2384 Dulcem
283 2348 341 2398 quae
353 2334 502 2403 strepitum,
515 2333 594 2402 Pieri,
606 2341 745 2405 temperas,

124 2399 147 2452 Ο
158 2399 241 2451 mutis
252 2416 355 2466 quoque
366 2402 482 2468 piscibus

158 2466 296 2519 Donatum
308 2469 391 2533 cycni,
403 2471 425 2520 si
436 2471 525 2537 libeat,
538 2487 639 2540 sonum,
819 2476 855 2527 20

124 2533 222 2587 uotum
232 2533 349 2584 muneris
361 2533 410 2586 hoe
421 2537 463 2588 tui
475 2544 522 2605 est,

159 2599 235 2664 Quod
246 2605 376 2653 monstror
387 2602 470 2670 digito
483 2610 701 2674 pretereuntium
