<?xml version="1.0" encoding="UTF-8"?>
<!DOCTYPE html PUBLIC "-//W3C//DTD XHTML 1.0 Transitional//EN"
    "http://www.w3.org/TR/xhtml1/DTD/xhtml1-transitional.dtd">
<html xmlns="http://www.w3.org/1999/xhtml" xml:lang="en" lang="en">
 <head>
  <title>
</title>
<meta http-equiv="Content-Type" content="text/html;charset=utf-8" />
  <meta name='ocr-system' content='tesseract 3.04.00' />
  <meta name='ocr-capabilities' content='ocr_page ocr_carea ocr_par ocr_line ocrx_word'/>
</head>
<body>
  <div class='ocr_page' id='page_1' title='image "./qhoratiiflaccio02horagoog_0190.png"; bbox 0 0 1866 2874; ppageno 0'>
   <div class='ocr_carea' id='block_1_1' title="bbox 279 101 833 158">
    <p class='ocr_par' dir='ltr' id='par_1_1' title="bbox 279 101 833 158">
     <span class='ocr_line' id='line_1_1' title="bbox 279 101 833 158; baseline 0.004 0"><span class='ocrx_word' id='word_1_1' title='bbox 279 103 492 158; x_wconf 71' lang='lat' dir='ltr'>sermenem</span> <span class='ocrx_word' id='word_1_2' title='bbox 510 103 551 158; x_wconf 94' lang='lat' dir='ltr'>II.</span> <span class='ocrx_word' id='word_1_3' title='bbox 570 109 595 158; x_wconf 81' lang='lat'>³.</span> <span class='ocrx_word' id='word_1_4' title='bbox 783 101 833 150; x_wconf 77' lang='lat'>1⁶⁶</span> 
     </span>
    </p>
   </div>
   <div class='ocr_carea' id='block_1_2' title="bbox 10 189 838 2666">
    <p class='ocr_par' dir='ltr' id='par_1_2' title="bbox 10 189 833 1270">
     <span class='ocr_line' id='line_1_2' title="bbox 10 189 833 265; baseline 0.01 -24"><span class='ocrx_word' id='word_1_5' title='bbox 10 239 11 242; x_wconf 76' lang='grc'>,</span> <span class='ocrx_word' id='word_1_6' title='bbox 51 189 98 244; x_wconf 81' lang='lat' dir='ltr'>Aut</span> <span class='ocrx_word' id='word_1_7' title='bbox 109 192 160 246; x_wconf 84' lang='lat' dir='ltr'>alio</span> <span class='ocrx_word' id='word_1_8' title='bbox 172 195 268 248; x_wconf 87' lang='lat' dir='ltr'>mentis</span> <span class='ocrx_word' id='word_1_9' title='bbox 280 196 370 248; x_wconf 89' lang='lat' dir='ltr'>morbo</span> <span class='ocrx_word' id='word_1_10' title='bbox 381 196 465 259; x_wconf 83' lang='lat' dir='ltr'>calet;</span> <span class='ocrx_word' id='word_1_11' title='bbox 483 196 535 250; x_wconf 87' lang='lat' dir='ltr'>huc</span> <span class='ocrx_word' id='word_1_12' title='bbox 547 197 653 265; x_wconf 89' lang='lat' dir='ltr'>propius</span> <span class='ocrx_word' id='word_1_13' title='bbox 665 211 715 264; x_wconf 87' lang='lat' dir='ltr'>me,</span> <span class='ocrx_word' id='word_1_14' title='bbox 798 200 833 249; x_wconf 84' lang='grc'>80</span> 
     </span>
     <span class='ocr_line' id='line_1_3' title="bbox 51 257 690 331; baseline 0.014 -22"><span class='ocrx_word' id='word_1_15' title='bbox 51 257 112 312; x_wconf 85' lang='lat' dir='ltr'>Dum</span> <span class='ocrx_word' id='word_1_16' title='bbox 125 263 204 315; x_wconf 85' lang='lat' dir='ltr'>doceo</span> <span class='ocrx_word' id='word_1_17' title='bbox 216 264 331 316; x_wconf 73' lang='lat' dir='ltr'>insanire</span> <span class='ocrx_word' id='word_1_18' title='bbox 343 282 439 331; x_wconf 88' lang='lat' dir='ltr'>omnes,</span> <span class='ocrx_word' id='word_1_19' title='bbox 452 283 497 317; x_wconf 82' lang='lat' dir='ltr'>vor</span> <span class='ocrx_word' id='word_1_20' title='bbox 509 265 599 317; x_wconf 87' lang='lat' dir='ltr'>ordine</span> <span class='ocrx_word' id='word_1_21' title='bbox 611 266 690 318; x_wconf 87' lang='lat' dir='ltr'>adite.</span> 
     </span>
     <span class='ocr_line' id='line_1_4' title="bbox 50 326 738 401; baseline 0.012 -23"><span class='ocrx_word' id='word_1_22' title='bbox 50 326 137 383; x_wconf 85' lang='lat' dir='ltr'>Danda</span> <span class='ocrx_word' id='word_1_23' title='bbox 149 338 190 384; x_wconf 89' lang='lat' dir='ltr'>est</span> <span class='ocrx_word' id='word_1_24' title='bbox 202 332 327 384; x_wconf 85' lang='lat' dir='ltr'>hellebori</span> <span class='ocrx_word' id='word_1_25' title='bbox 338 334 424 385; x_wconf 90' lang='lat' dir='ltr'>multo</span> <span class='ocrx_word' id='word_1_26' title='bbox 436 350 496 401; x_wconf 88' lang='lat' dir='ltr'>pars</span> <span class='ocrx_word' id='word_1_27' title='bbox 508 335 625 386; x_wconf 82' lang='lat' dir='ltr'>maxima</span> <span class='ocrx_word' id='word_1_28' title='bbox 637 333 738 397; x_wconf 66' lang='lat' dir='ltr'>eratin</span> 
     </span>
     <span class='ocr_line' id='line_1_5' title="bbox 49 395 745 469; baseline 0.009 -20"><span class='ocrx_word' id='word_1_29' title='bbox 49 395 136 451; x_wconf 85' lang='lat' dir='ltr'>Nescio</span> <span class='ocrx_word' id='word_1_30' title='bbox 147 417 183 452; x_wconf 86' lang='lat' dir='ltr'>an</span> <span class='ocrx_word' id='word_1_31' title='bbox 195 402 350 469; x_wconf 71' lang='lat' dir='ltr'><strong>Anticyram</strong></span> <span class='ocrx_word' id='word_1_32' title='bbox 362 403 431 454; x_wconf 89' lang='lat' dir='ltr'>ratio</span> <span class='ocrx_word' id='word_1_33' title='bbox 444 403 496 454; x_wconf 91' lang='lat' dir='ltr'>illis</span> <span class='ocrx_word' id='word_1_34' title='bbox 508 403 623 454; x_wconf 86' lang='lat' dir='ltr'>destinet</span> <span class='ocrx_word' id='word_1_35' title='bbox 634 420 745 457; x_wconf 84' lang='lat' dir='ltr'>omnem</span> 
     </span>
     <span class='ocr_line' id='line_1_6' title="bbox 50 463 710 539; baseline 0.009 -20"><span class='ocrx_word' id='word_1_36' title='bbox 50 463 159 520; x_wconf 79' lang='lat' dir='ltr'>Heredes</span> <span class='ocrx_word' id='word_1_37' title='bbox 171 469 276 522; x_wconf 84' lang='lat' dir='ltr'>Staberi</span> <span class='ocrx_word' id='word_1_38' title='bbox 289 487 418 522; x_wconf 86' lang='lat' dir='ltr'>summam</span> <span class='ocrx_word' id='word_1_39' title='bbox 429 471 545 523; x_wconf 86' lang='lat' dir='ltr'>incidere</span> <span class='ocrx_word' id='word_1_40' title='bbox 558 471 710 539; x_wconf 84' lang='lat' dir='ltr'>sepulchro:</span> 
     </span>
     <span class='ocr_line' id='line_1_7' title="bbox 50 533 654 606; baseline 0.012 -21"><span class='ocrx_word' id='word_1_41' title='bbox 50 533 79 586; x_wconf 85' lang='lat' dir='ltr'>lli</span> <span class='ocrx_word' id='word_1_42' title='bbox 91 537 127 589; x_wconf 89' lang='lat' dir='ltr'>sic</span> <span class='ocrx_word' id='word_1_43' title='bbox 139 537 270 604; x_wconf 72' lang='lat' dir='ltr'>fecissent,</span> <span class='ocrx_word' id='word_1_44' title='bbox 283 539 460 606; x_wconf 70' lang='lat' dir='ltr'><strong>gladiatorum</strong></span> <span class='ocrx_word' id='word_1_45' title='bbox 471 540 534 592; x_wconf 88' lang='lat' dir='ltr'>dare</span> <span class='ocrx_word' id='word_1_46' title='bbox 546 548 654 592; x_wconf 88' lang='lat' dir='ltr'>eentum</span> 
     </span>
     <span class='ocr_line' id='line_1_8' title="bbox 52 602 776 677; baseline 0.007 -18"><span class='ocrx_word' id='word_1_47' title='bbox 52 602 168 659; x_wconf 74' lang='lat' dir='ltr'>tenuati</span> <span class='ocrx_word' id='word_1_48' title='bbox 180 607 277 675; x_wconf 88' lang='lat' dir='ltr'>populo</span> <span class='ocrx_word' id='word_1_49' title='bbox 289 608 363 676; x_wconf 78' lang='lat' dir='ltr'>paria</span> <span class='ocrx_word' id='word_1_50' title='bbox 374 615 454 676; x_wconf 83' lang='lat' dir='ltr'>atque</span> <span class='ocrx_word' id='word_1_51' title='bbox 466 609 574 677; x_wconf 88' lang='lat' dir='ltr'>epulum</span> <span class='ocrx_word' id='word_1_52' title='bbox 585 607 693 662; x_wconf 80' lang='lat' dir='ltr'>arbitrio</span> <span class='ocrx_word' id='word_1_53' title='bbox 705 608 776 677; x_wconf 78' lang='lat' dir='ltr'>Arri,</span> 
     </span>
     <span class='ocr_line' id='line_1_9' title="bbox 51 670 802 744; baseline 0.009 -21"><span class='ocrx_word' id='word_1_54' title='bbox 51 670 180 726; x_wconf 79' lang='lat' dir='ltr'>Frumenti</span> <span class='ocrx_word' id='word_1_55' title='bbox 193 678 321 741; x_wconf 81' lang='lat' dir='ltr'>quantum</span> <span class='ocrx_word' id='word_1_56' title='bbox 333 674 410 726; x_wconf 86' lang='lat' dir='ltr'>metit</span> <span class='ocrx_word' id='word_1_57' title='bbox 423 674 521 727; x_wconf 81' lang='lat' dir='ltr'>Africa.</span> <span class='ocrx_word' id='word_1_58' title='bbox 558 674 641 728; x_wconf 81' lang='lat' dir='ltr'>“Sive</span> <span class='ocrx_word' id='word_1_59' title='bbox 653 693 702 744; x_wconf 75' lang='lat' dir='ltr'>ego</span> <span class='ocrx_word' id='word_1_60' title='bbox 732 693 802 743; x_wconf 84' lang='lat' dir='ltr'>rave,</span> 
     </span>
     <span class='ocr_line' id='line_1_10' title="bbox 10 695 787 811; baseline 0.008 -19"><span class='ocrx_word' id='word_1_61' title='bbox 10 745 11 748; x_wconf 77' lang='grc'>’</span> <span class='ocrx_word' id='word_1_62' title='bbox 50 741 94 794; x_wconf 84' lang='lat' dir='ltr'>Seu</span> <span class='ocrx_word' id='word_1_63' title='bbox 105 749 183 808; x_wconf 83' lang='lat' dir='ltr'>recte,</span> <span class='ocrx_word' id='word_1_64' title='bbox 196 741 245 794; x_wconf 88' lang='lat' dir='ltr'>hoc</span> <span class='ocrx_word' id='word_1_65' title='bbox 257 742 346 805; x_wconf 81' lang='lat' dir='ltr'>volui3</span> <span class='ocrx_word' id='word_1_66' title='bbox 363 759 397 794; x_wconf 89' lang='lat' dir='ltr'>ne</span> <span class='ocrx_word' id='word_1_67' title='bbox 408 742 444 794; x_wconf 88' lang='lat' dir='ltr'>sis</span> <span class='ocrx_word' id='word_1_68' title='bbox 455 749 567 811; x_wconf 82' lang='lat' dir='ltr'>patruus</span> <span class='ocrx_word' id='word_1_69' title='bbox 578 744 669 796; x_wconf 88' lang='lat' dir='ltr'>mihi.”</span> <span class='ocrx_word' id='word_1_70' title='bbox 706 695 787 798; x_wconf 64' lang='lat' dir='ltr'>iredo</span> 
     </span>
     <span class='ocr_line' id='line_1_11' title="bbox 10 809 831 880; baseline 0.006 -19"><span class='ocrx_word' id='word_1_71' title='bbox 10 870 11 878; x_wconf 10' lang='grc' dir='ltr'>ἵ</span> <span class='ocrx_word' id='word_1_72' title='bbox 50 809 100 863; x_wconf 85' lang='lat' dir='ltr'>Hoc</span> <span class='ocrx_word' id='word_1_73' title='bbox 111 810 216 864; x_wconf 77' lang='lat' dir='ltr'>Staberi</span> <span class='ocrx_word' id='word_1_74' title='bbox 231 811 387 878; x_wconf 75' lang='lat' dir='ltr'>prudentem</span> <span class='ocrx_word' id='word_1_75' title='bbox 398 813 518 864; x_wconf 89' lang='lat' dir='ltr'>animum</span> <span class='ocrx_word' id='word_1_76' title='bbox 529 812 641 866; x_wconf 81' lang='lat' dir='ltr'>vidissa’</span> <span class='ocrx_word' id='word_1_77' title='bbox 677 813 760 877; x_wconf 87' lang='lat' dir='ltr'>‘Quid</span> <span class='ocrx_word' id='word_1_78' title='bbox 769 829 831 880; x_wconf 81' lang='lat' dir='ltr'>ergo</span> 
     </span>
     <span class='ocr_line' id='line_1_12' title="bbox 10 877 831 950; baseline 0.004 -20"><span class='ocrx_word' id='word_1_79' title='bbox 10 889 11 910; x_wconf 65' lang='lat'>¹</span> <span class='ocrx_word' id='word_1_80' title='bbox 49 877 135 944; x_wconf 81' lang='lat' dir='ltr'>Sensit,</span> <span class='ocrx_word' id='word_1_81' title='bbox 149 897 231 948; x_wconf 90' lang='lat' dir='ltr'>quum</span> <span class='ocrx_word' id='word_1_82' title='bbox 243 895 372 931; x_wconf 85' lang='lat' dir='ltr'>summam</span> <span class='ocrx_word' id='word_1_83' title='bbox 384 881 527 948; x_wconf 77' lang='lat' dir='ltr'>patrimoni</span> <span class='ocrx_word' id='word_1_84' title='bbox 539 882 685 950; x_wconf 84' lang='lat' dir='ltr'>insculpere</span> <span class='ocrx_word' id='word_1_85' title='bbox 698 899 761 935; x_wconf 83' lang='lat' dir='ltr'>saxo</span> <span class='ocrx_word' id='word_1_86' title='bbox 797 887 831 934; x_wconf 83' lang='lat'>90</span> 
     </span>
     <span class='ocr_line' id='line_1_13' title="bbox 10 946 745 1017; baseline 0.005 -18"><span class='ocrx_word' id='word_1_87' title='bbox 10 955 11 1016; x_wconf 62' lang='grc' dir='ltr'>ξ</span> <span class='ocrx_word' id='word_1_88' title='bbox 49 946 159 1000; x_wconf 85' lang='lat' dir='ltr'>Heredes</span> <span class='ocrx_word' id='word_1_89' title='bbox 171 948 256 1000; x_wconf 81' lang='lat' dir='ltr'>voluit</span> <span class='ocrx_word' id='word_1_90' title='bbox 267 948 291 1000; x_wconf 87' lang='lat' dir='ltr'>l’</span> <span class='ocrx_word' id='word_1_91' title='bbox 317 948 427 1009; x_wconf 85' lang='lat' dir='ltr'>‘Quoed</span> <span class='ocrx_word' id='word_1_92' title='bbox 439 950 516 1014; x_wconf 87' lang='lat' dir='ltr'>vixit,</span> <span class='ocrx_word' id='word_1_93' title='bbox 528 951 640 1003; x_wconf 86' lang='lat' dir='ltr'>credidit</span> <span class='ocrx_word' id='word_1_94' title='bbox 652 951 745 1017; x_wconf 78' lang='lat' dir='ltr'>ingens</span> 
     </span>
     <span class='ocr_line' id='line_1_14' title="bbox 10 1013 701 1085; baseline 0.007 -21"><span class='ocrx_word' id='word_1_95' title='bbox 10 1017 12 1042; x_wconf 60' lang='lat'><em>³</em></span> <span class='ocrx_word' id='word_1_96' title='bbox 50 1013 200 1084; x_wconf 85' lang='lat' dir='ltr'>Pauperiem</span> <span class='ocrx_word' id='word_1_97' title='bbox 212 1017 308 1070; x_wconf 78' lang='lat' dir='ltr'>vitium</span> <span class='ocrx_word' id='word_1_98' title='bbox 321 1024 348 1070; x_wconf 87' lang='lat' dir='ltr'>et</span> <span class='ocrx_word' id='word_1_99' title='bbox 359 1019 430 1071; x_wconf 79' lang='lat' dir='ltr'>cavit</span> <span class='ocrx_word' id='word_1_100' title='bbox 441 1019 510 1071; x_wconf 87' lang='lat' dir='ltr'>nihil</span> <span class='ocrx_word' id='word_1_101' title='bbox 522 1021 615 1084; x_wconf 85' lang='lat' dir='ltr'>acrius,</span> <span class='ocrx_word' id='word_1_102' title='bbox 627 1024 666 1085; x_wconf 87' lang='lat' dir='ltr'>ut,</span> <span class='ocrx_word' id='word_1_103' title='bbox 679 1022 701 1070; x_wconf 91' lang='lat' dir='ltr'>si</span> 
     </span>
     <span class='ocr_line' id='line_1_15' title="bbox 50 1080 701 1155; baseline 0.014 -22"><span class='ocrx_word' id='word_1_104' title='bbox 50 1080 120 1137; x_wconf 82' lang='lat' dir='ltr'>Forte</span> <span class='ocrx_word' id='word_1_105' title='bbox 132 1085 222 1136; x_wconf 89' lang='lat' dir='ltr'>minus</span> <span class='ocrx_word' id='word_1_106' title='bbox 234 1086 349 1154; x_wconf 84' lang='lat' dir='ltr'>locuples</span> <span class='ocrx_word' id='word_1_107' title='bbox 360 1104 414 1140; x_wconf 89' lang='lat' dir='ltr'>uno</span> <span class='ocrx_word' id='word_1_108' title='bbox 427 1089 572 1155; x_wconf 76' lang='lat' dir='ltr'>quadrante</span> <span class='ocrx_word' id='word_1_109' title='bbox 584 1088 701 1155; x_wconf 74' lang='lat' dir='ltr'>perisset,</span> 
     </span>
     <span class='ocr_line' id='line_1_16' title="bbox 50 1150 690 1270; baseline 0.003 -64"><span class='ocrx_word' id='word_1_110' title='bbox 50 1150 101 1270; x_wconf 53' lang='lat' dir='ltr'>{im</span> <span class='ocrx_word' id='word_1_111' title='bbox 114 1153 250 1207; x_wconf 82' lang='lat' dir='ltr'>rideretur</span> <span class='ocrx_word' id='word_1_112' title='bbox 261 1155 311 1207; x_wconf 86' lang='lat' dir='ltr'>sibi</span> <span class='ocrx_word' id='word_1_113' title='bbox 323 1157 445 1222; x_wconf 86' lang='lat' dir='ltr'>nequior:</span> <span class='ocrx_word' id='word_1_114' title='bbox 463 1157 548 1209; x_wconf 86' lang='lat' dir='ltr'>omnis</span> <span class='ocrx_word' id='word_1_115' title='bbox 560 1157 629 1208; x_wconf 89' lang='lat' dir='ltr'>enim</span> <span class='ocrx_word' id='word_1_116' title='bbox 642 1173 690 1221; x_wconf 86' lang='lat' dir='ltr'>res,</span> 
     </span>
    </p>

    <p class='ocr_par' dir='ltr' id='par_1_3' title="bbox 10 1221 838 2666">
     <span class='ocr_line' id='line_1_17' title="bbox 69 1221 744 1293; baseline 0.003 -19"><span class='ocrx_word' id='word_1_117' title='bbox 69 1221 142 1289; x_wconf 85' lang='lat' dir='ltr'>irtus,</span> <span class='ocrx_word' id='word_1_118' title='bbox 155 1223 234 1290; x_wconf 80' lang='lat' dir='ltr'>fama,</span> <span class='ocrx_word' id='word_1_119' title='bbox 247 1225 332 1290; x_wconf 89' lang='lat' dir='ltr'>decus,</span> <span class='ocrx_word' id='word_1_120' title='bbox 345 1227 436 1278; x_wconf 86' lang='lat' dir='ltr'>divina</span> <span class='ocrx_word' id='word_1_121' title='bbox 447 1226 614 1293; x_wconf 85' lang='lat' dir='ltr'>humanaque</span> <span class='ocrx_word' id='word_1_122' title='bbox 626 1223 744 1293; x_wconf 85' lang='lat' dir='ltr'>pulchris</span> 
     </span>
     <span class='ocr_line' id='line_1_18' title="bbox 50 1287 668 1362; baseline 0.005 -21"><span class='ocrx_word' id='word_1_123' title='bbox 50 1287 151 1343; x_wconf 80' lang='lat' dir='ltr'>Divitiis</span> <span class='ocrx_word' id='word_1_124' title='bbox 164 1301 258 1360; x_wconf 87' lang='lat' dir='ltr'>parent</span> <span class='ocrx_word' id='word_1_125' title='bbox 265 1313 273 1356; x_wconf 92' lang='lat'>;</span> <span class='ocrx_word' id='word_1_126' title='bbox 291 1311 356 1361; x_wconf 83' lang='lat' dir='ltr'>quas</span> <span class='ocrx_word' id='word_1_127' title='bbox 368 1295 414 1362; x_wconf 90' lang='lat' dir='ltr'>qui</span> <span class='ocrx_word' id='word_1_128' title='bbox 426 1294 610 1359; x_wconf 85' lang='lat' dir='ltr'>construxerit,</span> <span class='ocrx_word' id='word_1_129' title='bbox 623 1293 668 1344; x_wconf 88' lang='lat' dir='ltr'>ille</span> 
     </span>
     <span class='ocr_line' id='line_1_19' title="bbox 49 1356 832 1429; baseline 0.005 -21"><span class='ocrx_word' id='word_1_130' title='bbox 49 1356 132 1412; x_wconf 81' lang='lat' dir='ltr'>Olarns</span> <span class='ocrx_word' id='word_1_131' title='bbox 145 1361 205 1424; x_wconf 85' lang='lat' dir='ltr'>erit,</span> <span class='ocrx_word' id='word_1_132' title='bbox 217 1361 300 1426; x_wconf 80' lang='lat' dir='ltr'>fortis,</span> <span class='ocrx_word' id='word_1_133' title='bbox 309 1361 414 1428; x_wconf 64' lang='lat' dir='ltr'>justus?</span> <span class='ocrx_word' id='word_1_134' title='bbox 433 1361 614 1429; x_wconf 70' lang='lat' dir='ltr'>‘sapiensnel&#39;</span> <span class='ocrx_word' id='word_1_135' title='bbox 633 1359 741 1425; x_wconf 57' lang='lat' dir='ltr'>‘litiani</span> <span class='ocrx_word' id='word_1_136' title='bbox 750 1365 776 1413; x_wconf 90' lang='lat' dir='ltr'>et</span> <span class='ocrx_word' id='word_1_137' title='bbox 785 1376 832 1413; x_wconf 85' lang='lat' dir='ltr'>rex</span> 
     </span>
     <span class='ocr_line' id='line_1_20' title="bbox 49 1424 764 1497; baseline 0.003 -20"><span class='ocrx_word' id='word_1_138' title='bbox 49 1424 79 1479; x_wconf 80' lang='lat' dir='ltr'>tt.</span> <span class='ocrx_word' id='word_1_139' title='bbox 91 1426 223 1497; x_wconf 90' lang='lat' dir='ltr'>quidquid</span> <span class='ocrx_word' id='word_1_140' title='bbox 236 1431 312 1482; x_wconf 80' lang='lat' dir='ltr'>volet</span> <span class='ocrx_word' id='word_1_141' title='bbox 349 1429 415 1496; x_wconf 89' lang='lat' dir='ltr'>Hoc,</span> <span class='ocrx_word' id='word_1_142' title='bbox 426 1430 510 1482; x_wconf 81' lang='lat' dir='ltr'>veluti</span> <span class='ocrx_word' id='word_1_143' title='bbox 521 1429 621 1482; x_wconf 81' lang='lat' dir='ltr'>virtute</span> <span class='ocrx_word' id='word_1_144' title='bbox 634 1433 764 1496; x_wconf 84' lang='lat' dir='ltr'>paratum,</span> 
     </span>
     <span class='ocr_line' id='line_1_21' title="bbox 48 1493 700 1565; baseline 0.006 -19"><span class='ocrx_word' id='word_1_145' title='bbox 48 1493 165 1563; x_wconf 69' lang='lat' dir='ltr'>sperarit</span> <span class='ocrx_word' id='word_1_146' title='bbox 177 1514 280 1565; x_wconf 71' lang='lat' dir='ltr'>magna</span> <span class='ocrx_word' id='word_1_147' title='bbox 292 1498 366 1550; x_wconf 87' lang='lat' dir='ltr'>laudi</span> <span class='ocrx_word' id='word_1_148' title='bbox 378 1499 439 1552; x_wconf 83' lang='lat' dir='ltr'>iore.</span> <span class='ocrx_word' id='word_1_149' title='bbox 476 1499 545 1562; x_wconf 84' lang='lat' dir='ltr'>Quid</span> <span class='ocrx_word' id='word_1_150' title='bbox 558 1498 642 1550; x_wconf 83' lang='lat' dir='ltr'>simile</span> <span class='ocrx_word' id='word_1_151' title='bbox 654 1497 700 1550; x_wconf 81' lang='lat' dir='ltr'>isti</span> 
     </span>
     <span class='ocr_line' id='line_1_22' title="bbox 10 1561 834 1648; baseline 0.001 -33"><span class='ocrx_word' id='word_1_152' title='bbox 10 1561 13 1604; x_wconf 59' lang='lat' dir='ltr'>i</span> <span class='ocrx_word' id='word_1_153' title='bbox 49 1563 150 1618; x_wconf 83' lang='lat' dir='ltr'>Groecus</span> <span class='ocrx_word' id='word_1_154' title='bbox 163 1567 331 1648; x_wconf 87' lang='lat' dir='ltr'>Aristippnsl</span> <span class='ocrx_word' id='word_1_155' title='bbox 351 1568 396 1634; x_wconf 92' lang='lat' dir='ltr'>qui</span> <span class='ocrx_word' id='word_1_156' title='bbox 408 1585 494 1620; x_wconf 81' lang='lat' dir='ltr'>servos</span> <span class='ocrx_word' id='word_1_157' title='bbox 525 1567 631 1634; x_wconf 85' lang='lat' dir='ltr'>rejicere</span> <span class='ocrx_word' id='word_1_158' title='bbox 643 1579 738 1619; x_wconf 84' lang='lat' dir='ltr'>eurum</span> <span class='ocrx_word' id='word_1_159' title='bbox 782 1566 834 1616; x_wconf 88' lang='lat'>100</span> 
     </span>
     <span class='ocr_line' id='line_1_23' title="bbox 11 1631 639 1704; baseline 0.006 -21"><span class='ocrx_word' id='word_1_160' title='bbox 11 1661 12 1666; x_wconf 65' lang='lat'><em>=</em></span> <span class='ocrx_word' id='word_1_161' title='bbox 47 1631 75 1684; x_wconf 90' lang='lat' dir='ltr'>ln</span> <span class='ocrx_word' id='word_1_162' title='bbox 87 1635 177 1687; x_wconf 77' lang='lat' dir='ltr'>media</span> <span class='ocrx_word' id='word_1_163' title='bbox 185 1636 266 1702; x_wconf 75' lang='lat' dir='ltr'>jussit</span> <span class='ocrx_word' id='word_1_164' title='bbox 278 1636 368 1703; x_wconf 82' lang='lat' dir='ltr'>Libya,</span> <span class='ocrx_word' id='word_1_165' title='bbox 382 1638 444 1704; x_wconf 87' lang='lat' dir='ltr'>quia</span> <span class='ocrx_word' id='word_1_166' title='bbox 456 1643 498 1688; x_wconf 88' lang='lat' dir='ltr'>tar</span> <span class='ocrx_word' id='word_1_167' title='bbox 518 1637 558 1688; x_wconf 86' lang='lat' dir='ltr'>&#39;us</span> <span class='ocrx_word' id='word_1_168' title='bbox 569 1637 639 1689; x_wconf 90' lang='lat' dir='ltr'>irent</span> 
     </span>
     <span class='ocr_line' id='line_1_24' title="bbox 47 1699 752 1772; baseline 0.004 -19"><span class='ocrx_word' id='word_1_169' title='bbox 47 1699 154 1772; x_wconf 89' lang='lat' dir='ltr'>Propter</span> <span class='ocrx_word' id='word_1_170' title='bbox 166 1721 231 1756; x_wconf 91' lang='lat' dir='ltr'>onus</span> <span class='ocrx_word' id='word_1_171' title='bbox 243 1721 341 1772; x_wconf 81' lang='lat' dir='ltr'>segnes.</span> <span class='ocrx_word' id='word_1_172' title='bbox 378 1705 443 1757; x_wconf 86' lang='lat' dir='ltr'>Uter</span> <span class='ocrx_word' id='word_1_173' title='bbox 455 1711 495 1757; x_wconf 87' lang='lat' dir='ltr'>eet</span> <span class='ocrx_word' id='word_1_174' title='bbox 506 1705 622 1756; x_wconf 86' lang='lat' dir='ltr'>insanior</span> <span class='ocrx_word' id='word_1_175' title='bbox 633 1701 752 1756; x_wconf 83' lang='lat' dir='ltr'>hommi&#39;</span> 
     </span>
     <span class='ocr_line' id='line_1_25' title="bbox 47 1771 708 1840; baseline 0 -18"><span class='ocrx_word' id='word_1_176' title='bbox 47 1771 102 1825; x_wconf 91' lang='lat' dir='ltr'>‘Nil</span> <span class='ocrx_word' id='word_1_177' title='bbox 115 1773 173 1840; x_wconf 84' lang='lat' dir='ltr'>agit</span> <span class='ocrx_word' id='word_1_178' title='bbox 185 1773 343 1840; x_wconf 86' lang='lat' dir='ltr'>exemplum,</span> <span class='ocrx_word' id='word_1_179' title='bbox 355 1773 431 1824; x_wconf 86' lang='lat' dir='ltr'>litem</span> <span class='ocrx_word' id='word_1_180' title='bbox 443 1773 513 1840; x_wconf 89' lang='lat' dir='ltr'>quod</span> <span class='ocrx_word' id='word_1_181' title='bbox 526 1773 573 1825; x_wconf 88' lang='lat' dir='ltr'>lite</span> <span class='ocrx_word' id='word_1_182' title='bbox 585 1772 708 1824; x_wconf 62' lang='lat' dir='ltr'>resolvit?</span> 
     </span>
     <span class='ocr_line' id='line_1_26' title="bbox 46 1838 791 1915; baseline -0.007 -21"><span class='ocrx_word' id='word_1_183' title='bbox 46 1838 86 1894; x_wconf 82' lang='lat' dir='ltr'>‘Si</span> <span class='ocrx_word' id='word_1_184' title='bbox 99 1841 160 1909; x_wconf 89' lang='lat' dir='ltr'>quis</span> <span class='ocrx_word' id='word_1_185' title='bbox 173 1847 244 1893; x_wconf 86' lang='lat' dir='ltr'>emat</span> <span class='ocrx_word' id='word_1_186' title='bbox 255 1842 377 1906; x_wconf 87' lang='lat' dir='ltr'>citharas,</span> <span class='ocrx_word' id='word_1_187' title='bbox 390 1849 491 1908; x_wconf 87' lang='lat' dir='ltr'>emptas</span> <span class='ocrx_word' id='word_1_188' title='bbox 503 1840 688 1915; x_wconf 69' lang='lat' dir='ltr'>comportatio</span> <span class='ocrx_word' id='word_1_189' title='bbox 701 1852 791 1902; x_wconf 84' lang='lat' dir='ltr'>unum,</span> 
     </span>
     <span class='ocr_line' id='line_1_27' title="bbox 46 1903 672 1966; baseline -0.002 -10"><span class='ocrx_word' id='word_1_190' title='bbox 46 1904 96 1961; x_wconf 86' lang='lat' dir='ltr'>Nec</span> <span class='ocrx_word' id='word_1_191' title='bbox 110 1907 200 1959; x_wconf 88' lang='lat' dir='ltr'>studio</span> <span class='ocrx_word' id='word_1_192' title='bbox 212 1909 320 1959; x_wconf 87' lang='lat' dir='ltr'>citharee</span> <span class='ocrx_word' id='word_1_193' title='bbox 333 1924 381 1959; x_wconf 89' lang='lat' dir='ltr'>nec</span> <span class='ocrx_word' id='word_1_194' title='bbox 394 1907 479 1958; x_wconf 69' lang='lat' dir='ltr'>Musae</span> <span class='ocrx_word' id='word_1_195' title='bbox 492 1905 596 1957; x_wconf 87' lang='lat' dir='ltr'>deditus</span> <span class='ocrx_word' id='word_1_196' title='bbox 608 1903 672 1966; x_wconf 87' lang='lat' dir='ltr'>ulh;</span> 
     </span>
     <span class='ocr_line' id='line_1_28' title="bbox 46 1971 684 2043; baseline -0.003 -17"><span class='ocrx_word' id='word_1_197' title='bbox 46 1973 68 2026; x_wconf 80' lang='lat' dir='ltr'>Si</span> <span class='ocrx_word' id='word_1_198' title='bbox 81 1975 187 2043; x_wconf 81' lang='lat' dir='ltr'>scalpra</span> <span class='ocrx_word' id='word_1_199' title='bbox 199 1982 226 2028; x_wconf 88' lang='lat' dir='ltr'>et</span> <span class='ocrx_word' id='word_1_200' title='bbox 238 1977 333 2028; x_wconf 81' lang='lat' dir='ltr'>formas</span> <span class='ocrx_word' id='word_1_201' title='bbox 346 1992 398 2027; x_wconf 92' lang='lat' dir='ltr'>non</span> <span class='ocrx_word' id='word_1_202' title='bbox 411 1982 492 2041; x_wconf 88' lang='lat' dir='ltr'>sutor,</span> <span class='ocrx_word' id='word_1_203' title='bbox 506 1973 614 2025; x_wconf 87' lang='lat' dir='ltr'>nautica</span> <span class='ocrx_word' id='word_1_204' title='bbox 626 1971 684 2026; x_wconf 78' lang='lat' dir='ltr'>vela</span> 
     </span>
     <span class='ocr_line' id='line_1_29' title="bbox 46 2043 584 2110; baseline -0.004 -15"><span class='ocrx_word' id='word_1_205' title='bbox 46 2043 159 2096; x_wconf 77' lang='lat' dir='ltr'>Aversus</span> <span class='ocrx_word' id='word_1_206' title='bbox 171 2046 334 2110; x_wconf 88' lang='lat' dir='ltr'>mercaturis,</span> <span class='ocrx_word' id='word_1_207' title='bbox 346 2045 443 2096; x_wconf 88' lang='lat' dir='ltr'>delirus</span> <span class='ocrx_word' id='word_1_208' title='bbox 455 2051 482 2095; x_wconf 86' lang='lat' dir='ltr'>et</span> <span class='ocrx_word' id='word_1_209' title='bbox 494 2059 584 2096; x_wconf 86' lang='lat' dir='ltr'>amens</span> 
     </span>
     <span class='ocr_line' id='line_1_30' title="bbox 48 2107 704 2180; baseline -0.006 -16"><span class='ocrx_word' id='word_1_210' title='bbox 48 2111 168 2180; x_wconf 86' lang='lat' dir='ltr'>Undique</span> <span class='ocrx_word' id='word_1_211' title='bbox 181 2113 285 2166; x_wconf 84' lang='lat' dir='ltr'>dicatur</span> <span class='ocrx_word' id='word_1_212' title='bbox 297 2113 397 2166; x_wconf 87' lang='lat' dir='ltr'>merito.</span> <span class='ocrx_word' id='word_1_213' title='bbox 433 2113 483 2176; x_wconf 85' lang='lat' dir='ltr'>Qui</span> <span class='ocrx_word' id='word_1_214' title='bbox 497 2111 627 2178; x_wconf 83' lang='lat' dir='ltr'>discrepat</span> <span class='ocrx_word' id='word_1_215' title='bbox 638 2107 704 2174; x_wconf 86' lang='lat' dir='ltr'>istis,</span> 
     </span>
     <span class='ocr_line' id='line_1_31' title="bbox 47 2177 694 2248; baseline -0.009 -14"><span class='ocrx_word' id='word_1_216' title='bbox 47 2180 94 2243; x_wconf 83' lang='lat' dir='ltr'>Qui</span> <span class='ocrx_word' id='word_1_217' title='bbox 107 2197 230 2236; x_wconf 88' lang='lat' dir='ltr'>nummos</span> <span class='ocrx_word' id='word_1_218' title='bbox 242 2199 389 2248; x_wconf 84' lang='lat' dir='ltr'>aurumque</span> <span class='ocrx_word' id='word_1_219' title='bbox 400 2181 527 2244; x_wconf 85' lang='lat' dir='ltr'>recondit,</span> <span class='ocrx_word' id='word_1_220' title='bbox 539 2179 641 2231; x_wconf 86' lang='lat' dir='ltr'>nescius</span> <span class='ocrx_word' id='word_1_221' title='bbox 653 2177 694 2230; x_wconf 91' lang='lat' dir='ltr'>uti</span> 
     </span>
     <span class='ocr_line' id='line_1_32' title="bbox 46 2242 838 2319; baseline -0.009 -17"><span class='ocrx_word' id='word_1_222' title='bbox 46 2249 200 2319; x_wconf 77' lang='lat' dir='ltr'>Compositis</span> <span class='ocrx_word' id='word_1_223' title='bbox 212 2259 383 2317; x_wconf 88' lang='lat' dir='ltr'>metuensque</span> <span class='ocrx_word' id='word_1_224' title='bbox 395 2249 469 2302; x_wconf 81' lang='lat' dir='ltr'>velut</span> <span class='ocrx_word' id='word_1_225' title='bbox 481 2248 631 2314; x_wconf 82' lang='lat' dir='ltr'>contingere</span> <span class='ocrx_word' id='word_1_226' title='bbox 644 2242 763 2298; x_wconf 85' lang='lat' dir='ltr'>sacruml</span> <span class='ocrx_word' id='word_1_227' title='bbox 786 2245 838 2296; x_wconf 89' lang='lat'>110</span> 
     </span>
     <span class='ocr_line' id='line_1_33' title="bbox 47 2317 727 2387; baseline -0.004 -18"><span class='ocrx_word' id='word_1_228' title='bbox 47 2317 71 2369; x_wconf 79' lang='lat' dir='ltr'>ui</span> <span class='ocrx_word' id='word_1_229' title='bbox 83 2319 145 2387; x_wconf 88' lang='lat' dir='ltr'>quis</span> <span class='ocrx_word' id='word_1_230' title='bbox 158 2319 193 2370; x_wconf 90' lang='lat' dir='ltr'>ad</span> <span class='ocrx_word' id='word_1_231' title='bbox 205 2320 341 2387; x_wconf 79' lang='lat' dir='ltr'>ingentem</span> <span class='ocrx_word' id='word_1_232' title='bbox 353 2319 481 2372; x_wconf 81' lang='lat' dir='ltr'>frumenti</span> <span class='ocrx_word' id='word_1_233' title='bbox 493 2333 593 2384; x_wconf 86' lang='lat' dir='ltr'>semper</span> <span class='ocrx_word' id='word_1_234' title='bbox 605 2331 727 2367; x_wconf 87' lang='lat' dir='ltr'>acervum</span> 
     </span>
     <span class='ocr_line' id='line_1_34' title="bbox 48 2383 729 2456; baseline -0.004 -19"><span class='ocrx_word' id='word_1_235' title='bbox 48 2385 187 2440; x_wconf 85' lang='lat' dir='ltr'>Porrectus</span> <span class='ocrx_word' id='word_1_236' title='bbox 200 2388 293 2456; x_wconf 83' lang='lat' dir='ltr'>vigilet</span> <span class='ocrx_word' id='word_1_237' title='bbox 306 2405 366 2440; x_wconf 82' lang='lat' dir='ltr'>cunr</span> <span class='ocrx_word' id='word_1_238' title='bbox 377 2389 456 2454; x_wconf 86' lang='lat' dir='ltr'>longo</span> <span class='ocrx_word' id='word_1_239' title='bbox 468 2388 545 2450; x_wconf 83' lang='lat' dir='ltr'>fuste,</span> <span class='ocrx_word' id='word_1_240' title='bbox 558 2401 643 2450; x_wconf 91' lang='lat' dir='ltr'>neque</span> <span class='ocrx_word' id='word_1_241' title='bbox 655 2383 729 2435; x_wconf 89' lang='lat' dir='ltr'>illine</span> 
     </span>
     <span class='ocr_line' id='line_1_35' title="bbox 46 2455 712 2521; baseline -0.006 -14"><span class='ocrx_word' id='word_1_242' title='bbox 46 2457 153 2510; x_wconf 79' lang='lat' dir='ltr'>Audeat</span> <span class='ocrx_word' id='word_1_243' title='bbox 166 2457 283 2509; x_wconf 82' lang='lat' dir='ltr'>esuriens</span> <span class='ocrx_word' id='word_1_244' title='bbox 295 2457 416 2509; x_wconf 90' lang='lat' dir='ltr'>dominus</span> <span class='ocrx_word' id='word_1_245' title='bbox 429 2455 579 2521; x_wconf 81' lang='lat' dir='ltr'>contingere</span> <span class='ocrx_word' id='word_1_246' title='bbox 591 2469 712 2520; x_wconf 79' lang='lat' dir='ltr'>granum,</span> 
     </span>
     <span class='ocr_line' id='line_1_36' title="bbox 47 2521 632 2595; baseline -0.005 -19"><span class='ocrx_word' id='word_1_247' title='bbox 47 2523 83 2578; x_wconf 80' lang='lat' dir='ltr'>Ae</span> <span class='ocrx_word' id='word_1_248' title='bbox 95 2527 188 2595; x_wconf 88' lang='lat' dir='ltr'>potius</span> <span class='ocrx_word' id='word_1_249' title='bbox 199 2525 270 2578; x_wconf 80' lang='lat' dir='ltr'>foliis</span> <span class='ocrx_word' id='word_1_250' title='bbox 301 2543 377 2578; x_wconf 87' lang='lat' dir='ltr'>arcus</span> <span class='ocrx_word' id='word_1_251' title='bbox 389 2531 510 2577; x_wconf 84' lang='lat' dir='ltr'>vescatur</span> <span class='ocrx_word' id='word_1_252' title='bbox 521 2521 632 2586; x_wconf 80' lang='lat' dir='ltr'>amaris3</span> 
     </span>
     <span class='ocr_line' id='line_1_37' title="bbox 48 2543 616 2666; baseline -0.007 -20"><span class='ocrx_word' id='word_1_253' title='bbox 48 2592 182 2666; x_wconf 72' lang='lat' dir='ltr'>dipositis</span> <span class='ocrx_word' id='word_1_254' title='bbox 194 2594 268 2648; x_wconf 86' lang='lat' dir='ltr'>intus</span> <span class='ocrx_word' id='word_1_255' title='bbox 280 2543 340 2648; x_wconf 71' lang='lat' dir='ltr'>inii</span> <span class='ocrx_word' id='word_1_256' title='bbox 352 2593 499 2663; x_wconf 81' lang='lat' dir='ltr'>veterisque</span> <span class='ocrx_word' id='word_1_257' title='bbox 510 2589 616 2645; x_wconf 82' lang='lat' dir='ltr'>Falerni</span> 
     </span>
    </p>
   </div>
   <div class='ocr_carea' id='block_1_3' title="bbox 0 0 938 2874">
    <p class='ocr_par' dir='ltr' id='par_1_4' title="bbox 0 0 938 2874">
     <span class='ocr_line' id='line_1_38' title="bbox 0 0 938 2874; baseline 0 1"><span class='ocrx_word' id='word_1_258' title='bbox 0 0 938 2874; x_wconf 95' lang='lat' dir='ltr'> </span> 
     </span>
    </p>
   </div>
  </div>
 </body>
</html>
