1866 2874
286 97 636 164 cmumuu1v.1,e.
822 101 856 147 ec

138 207 223 261 lllorte
235 207 369 274 Centauri,
382 205 478 259 cecidit
490 204 631 258 trunendoe

207 276 329 329 mamma
341 275 492 338 Ohimaerae;

138 345 197 398 Sive
209 362 275 413 quos
288 344 353 396 Eleu
365 344 473 396 domum
484 342 587 395 reducit

137 413 230 466 Palma
241 413 359 466 coelestes
370 411 520 480 pugilemve
532 427 661 478 equumve

137 481 209 535 Dicit
221 487 249 534 et
261 487 371 534 centum
382 481 482 549 potiore
494 479 576 548 cignis

206 549 319 603 Munere
331 549 419 615 donat,

138 618 234 672 Flebili
246 634 348 687 epcneae
358 619 516 686 juvenemve
527 621 633 685 ruptum

139 686 229 740 Ploret
241 693 269 740 et
280 687 349 739 vires
361 686 530 753 animumque
541 701 678 752 moresque

138 755 238 809 Aureoe
251 755 340 807 educit
351 755 381 807 in
392 760 464 807 ostra
474 755 601 822 nigroque

209 823 318 876 Invidet
330 823 403 876 Oreo.

141 890 230 944 Multo
241 892 376 945 Dircaeum
386 891 458 944 levet
470 907 535 944 eure
547 906 667 958 cycnum,

141 959 244 1026 Tendit,
256 960 364 1026 Antoni,
377 961 479 1028 quoties
491 960 520 1011 in
532 959 599 1011 eltoe

141 1027 260 1082 Nubium
271 1033 379 1081 tructus.
414 1028 472 1096 Ego
483 1028 540 1096 opis
552 1027 662 1080 Matium

210 1096 286 1150 More
297 1097 426 1164 modoque

144 1166 224 1220 (liuto
235 1169 366 1236 carpentis
378 1168 471 1236 thyma
481 1185 528 1237 per
538 1167 653 1220 laborem

144 1233 290 1288 Plurimum
302 1237 370 1290 circo
380 1254 473 1290 nemus
484 1237 611 1305 uvidique

143 1302 245 1356 liburie
256 1304 327 1373 ripae
339 1321 354 1357 o
416 1323 445 1358 ee
455 1321 552 1374 pervus

211 1373 333 1426 cenna
344 1321 421 1442 ἐξ.

143 1439 267 1494 Ooncinee
278 1443 376 1509 majore
387 1445 466 1511 poe'tn
477 1442 576 1511 plectro

143 1508 277 1577 Gaesarem,
289 1511 446 1579 quandoque
457 1511 545 1564 truhet
556 1511 653 1564 feroces

143 1576 193 1630 Per
204 1595 309 1630 socrum
320 1579 418 1632 clivum
430 1580 524 1632 merite
535 1580 642 1633 decorus

211 1646 315 1700 Fronde
327 1647 499 1715 Sugambros;

143 1713 201 1778 Quo
212 1715 280 1766 nihil
291 1717 377 1783 majus
388 1715 514 1769 meliusve
526 1716 602 1768 terrie

143 1781 211 1836 Feta
223 1783 351 1837 donavere
362 1783 477 1852 bonique
488 1785 551 1837 Divi

141 1848 199 1904 Nec
210 1850 319 1919 dubunt,
331 1853 450 1920 quumvis
461 1853 570 1906 redeant
581 1851 611 1904 in
623 1867 716 1904 aurum

212 1919 277 1972 dem
310 1937 340 1974 ra
351 1921 473 1988 priscum.

142 1985 269 2040 <loncims
314 1993 406 2057 tosque
418 1989 473 2041 dier
485 1992 513 2041 et
524 1987 603 2040 Urbis

141 2053 285 2108 Publicum
295 2056 389 2109 ludum
401 2073 478 2125 cuper
489 2057 629 2124 impetrato

140 2121 229 2175 Fortis
240 2122 354 2191 Augusti
365 2126 453 2178 reditu
464 2125 603 2192 forumque

217 2192 321 2246 litibus
332 2193 430 2248 orbum.

146 2261 217 2314 Tum
227 2278 299 2328 mccc,
314 2262 335 2314 ei
348 2263 412 2330 quid
423 2263 516 2332 loquer
527 2263 694 2334 audiendum,

144 2330 226 2382 Vocis
238 2334 345 2386 accedet
356 2332 425 2387 bone
436 2351 498 2402 pers
509 2352 517 2397 ;
535 2339 569 2400 et,
582 2334 628 2386 “O
641 2333 685 2388 Sol

144 2397 261 2451 Pulcher
273 2404 280 2455 Ξ
299 2417 314 2453 o
326 2401 458 2456 laudando
470 2401 499 2456 !”
517 2418 618 2469 canum,
629 2406 734 2470 recepto

216 2467 316 2522 (laesere
327 2470 401 2523 felix.

144 2533 246 2602 Teque,
257 2536 322 2588 dum
331 2537 459 2617 procedit,
472 2537 520 2589 “io
531 2533 697 2650 'lffriumphff

139 2602 204 2656 Non
220 2605 300 2658 semel
311 2605 436 2671 elucemus,
449 2605 464 2632 “
472 2604 498 2657 io
510 2604 622 2668 Tnump
641 2600 680 2663 e,'’
