1858 2874
80 143 114 194 22
392 141 546 195 HORA'lII

146 245 216 314 Ergo
229 241 390 310 Quintilium
402 246 546 310 perpetuus
558 257 634 310 sopor

146 315 244 383 Urget!
264 313 309 366 cui
321 311 410 364 Pudor
422 316 449 363 et
461 311 481 364 J
482 311 581 364 ustitiae
594 327 665 364 soror

146 383 304 452 Incorrupte
316 381 395 434 Fides
406 379 531 448 nudeque
543 380 648 434 Veritas

181 453 293 518 Quando
304 450 391 504 ullum
402 449 536 502 inveniett
548 449 656 518 peremi

146 522 242 575 Multis
253 521 299 574 ille
311 520 386 574 bonis
397 518 492 572 flebilis
504 519 608 586 occidit,

146 591 223 644 Nulli
234 590 344 643 flebilior
356 606 436 658 quem
448 588 506 655 tibi,
520 587 626 657 virgili.

147 661 188 714 Tu
199 660 298 713 frustra
309 659 370 728 pius
382 657 436 711 heu
447 674 501 710 non
513 657 552 712 ite
564 657 695 712 creditum

183 730 271 783 Poscis
284 727 444 793 Quintilium
456 726 532 780 Deos.

148 799 258 865 Quodsi
271 797 393 852 Threicio
404 796 528 850 blandino
541 795 646 864 Orpheo

145 869 274 923 Auditum
285 867 417 920 moderere
428 863 564 918 arboribus
576 865 663 933 fidem,

146 939 207 992 Non
219 954 293 992 venae
305 936 395 990 redeet
407 935 515 1002 sanguin
527 933 647 1003 imagini,

182 1009 269 1073 Quem
280 1007 356 1073 virge
368 1004 448 1058 semel
459 1003 573 1072 horride,

146 1078 173 1131 N
174 1095 208 1130 on
219 1075 286 1128 lenis
297 1073 418 1143 precibus
430 1073 487 1126 fote
498 1073 641 1141 recludere,

146 1147 230 1214 Nigro
242 1142 399 1214 compulerit
410 1141 560 1194 Mercurius
571 1143 653 1212 gregi

147 1217 264 1271 Durum:
283 1212 329 1265 ned
340 1211 425 1264 levius
436 1211 468 1262 fit
479 1212 619 1280 patientie,

182 1282 317 1356 Quidquid
328 1279 457 1352 corrigere
468 1285 509 1333 eet
521 1280 602 1334 nefas.

246 1455 396 1512 GARMEN
413 1453 701 1508 XXV.-nnurn1nu.

147 1570 271 1624 Pnncrue
280 1569 388 1636 junctae
400 1566 527 1635 quatiunt
538 1566 668 1621 fenestras

147 1637 248 1692 Ictibus
260 1636 356 1690 crebris
365 1638 476 1704 juvence
488 1637 612 1704 protervi,

146 1709 203 1763 Nee
214 1707 265 1760 tibi
276 1722 379 1759 somnos
390 1704 520 1772 adimunt,
533 1711 659 1775 ematque

216 1777 237 1830 J
237 1793 308 1830 anun
319 1775 409 1842 limen,

147 1847 211 1912 Quae
223 1847 296 1918 prius
307 1844 425 1897 multum
436 1843 522 1898 fecilie
534 1844 657 1898 movebat

147 1917 279 1970 Oerdinee.
314 1914 399 1968 Audis
410 1914 499 1966 minue
511 1918 538 1966 et
550 1913 638 1966 minue
647 1915 719 1982 jnmz

147 1986 272 2040 “Metuo
284 1985 375 2053 longos
387 1989 515 2054 pereunte
527 1988 625 2052 noctes,

217 2056 308 2124 Lydio,
321 2051 452 2107 dormisl''

148 2125 266 2178 Invicem
276 2124 391 2176 moechos
403 2138 470 2175 enne
481 2125 634 2188 urrogentee

149 2193 234 2247 Flebis
246 2193 276 2245 in
288 2192 340 2245 eolo
352 2192 417 2245 levin
429 2190 579 2259 angiportu,

146 2262 257 2317 Thracio
268 2261 414 2314 bacchante
425 2260 510 2328 megin
522 2259 571 2312 sub
583 2259 665 2312 inter·

215 2330 289 2384 lunie
301 2335 395 2392 vento;

146 2401 234 2466 Quum
245 2397 296 2451 tibi
307 2396 421 2464 flagrans
433 2414 506 2450 emor
517 2404 545 2450 et
556 2396 647 2465 libido,

146 2471 211 2533 Quae
223 2467 289 2520 colet
299 2471 397 2518 metree
408 2464 507 2519 furiare
519 2483 655 2536 equorum,

145 2536 241 2592 Saeviet
253 2535 323 2588 circe
331 2534 407 2601 jecur
418 2533 573 2603 ulcerosum,

212 2605 273 2659 Non
285 2603 342 2658 eine
353 2605 455 2670 questu,

407 2682 415 2706 ¹
429 2687 535 2726 invenient
