1866 2874
301 109 513 161 SATllttlllUll
534 111 554 162 l.
573 115 596 162 3.
796 114 844 160 135

57 212 210 266 Ponderibus
222 213 386 281 modulisque
399 214 452 266 suis
463 215 531 267 ratio
542 215 636 280 utitur,
649 231 680 266 ac
692 231 733 266 res

56 281 88 334 Ut
99 299 208 350 quasque
221 289 268 348 est,
280 283 319 334 ita
331 283 467 351 suppliciis
479 283 576 336 delicta
587 283 707 336 coercet?

56 350 78 403 Si
90 353 145 420 quis
157 368 219 403 eum
232 369 342 416 servum,
355 352 472 419 patinam
485 353 530 420 qui
543 352 633 404 tollere
642 355 731 419 jussus
800 355 835 404 80

56 419 163 472 Semesos
175 420 258 488 pisces
271 421 441 488 tepidumque
453 421 582 487 ligurierit
591 423 644 488 jus,

57 488 86 539 In
97 506 170 540 cruce
183 489 296 556 suffigat,
310 488 429 541 Labeone
441 489 557 540 insanior
568 490 639 541 inter

56 556 128 610 Senos
140 558 252 610 dicatur.
289 557 393 620 Quanto
406 558 455 609 hoc
466 558 590 609 furiosius
602 565 681 626 atque

55 624 134 693 Majus
146 633 285 694 peccatum
297 630 350 681 est!
401 626 525 678 Paullum
538 627 654 694 deliquit,¹
662 626 776 692 amicus;

57 694 124 758 Quod
135 696 187 746 nisi
199 695 332 760 concedas,
345 694 457 746 habeare
469 695 598 748 insuavis:
617 697 725 748 acerbus

57 763 134 815 Odisti
146 772 173 816 et
185 763 265 830 fugis,
277 768 309 814 ut
322 764 453 815 Rusonem
465 764 567 816 debitor
580 765 645 830 aeris,

57 831 102 895 Qui
113 833 171 898 nisi,
184 849 267 901 quum
279 833 367 884 tristes
379 832 472 884 misero
484 849 578 884 venere
592 832 719 898 Oalendre,

53 899 194 954 Mercedem
207 908 255 954 aut
267 918 388 953 nummos
402 901 552 953 undeunde
565 901 685 968 extricat,
699 918 800 954 amaras

54 968 170 1022 Porrecto
178 969 274 1038 jugulo
287 969 408 1022 historias
421 971 542 1038 captivus
553 977 585 1022 ut
596 970 680 1023 audit.

54 1038 209 1091 dommimie
220 1039 320 1090 lectum
332 1044 409 1106 potus
421 1056 543 1091 mensave
556 1039 676 1090 catillum
805 1041 840 1092 90

54 1105 167 1160 Euandri
178 1107 299 1160 manibus
312 1109 405 1159 tritum
417 1108 525 1175 dejecit:
544 1107 576 1160 ob
585 1108 654 1160 hanc
665 1125 728 1174 rem,
797 1121 798 1124 ’
826 1153 832 1165 .

54 1177 104 1228 Aut
115 1177 230 1244 positum
240 1182 302 1228 ante
314 1193 373 1227 mea
384 1177 448 1243 quia
459 1176 563 1244 pullum
575 1177 603 1228 in
615 1183 690 1244 parte
703 1177 786 1229 catini

5 1245 7 1304 Ι
54 1243 162 1298 Sustulit
174 1245 296 1309 esuriens,
309 1245 397 1296 miuus
409 1245 458 1297 boc
467 1245 601 1311 jucundus
614 1246 714 1297 amicus

5 1361 6 1364 ,
54 1311 91 1365 Sit
100 1313 184 1366 mihil
220 1312 296 1376 Quod
308 1313 411 1380 faciam,
424 1314 445 1365 si
457 1315 558 1366 furtum
570 1314 668 1378 fecerit,
682 1319 729 1365 aut
742 1313 764 1364 si

5 1407 6 1440 3
53 1380 197 1434 Prodiderit
209 1382 345 1434 commissa
357 1381 409 1434 fide
421 1399 577 1450 sponsumve
589 1381 710 1449 negarit?

54 1449 115 1512 Quis
127 1452 202 1519 paria
214 1467 269 1502 esse
280 1452 335 1503 fere
346 1450 448 1519 placuit
460 1457 575 1519 peccata,
588 1451 716 1517 laborant,

54 1519 136 1582 Quum
141 1527 252 1572 ventum
257 1520 291 1572 ad
297 1537 388 1571 rerum
393 1525 446 1583 est3
456 1537 546 1572 sensus
550 1537 685 1588 moresque
689 1525 840 1588 repugnant

52 1587 136 1656 Atque
147 1589 206 1656 ipsa
217 1588 328 1653 utilitas,
337 1588 404 1655 justi
416 1605 497 1656 prope
508 1595 592 1640 mater
604 1596 631 1640 et
644 1589 719 1656 aequi.

5 1645 6 1676 ¹
54 1655 136 1719 Quum
148 1662 334 1726 prorepserunt
345 1657 436 1724 primis
448 1657 574 1709 animalia
586 1658 670 1724 terris,
805 1661 841 1708 ,(9

52 1723 156 1778 Mutum
170 1731 198 1778 et
211 1732 288 1794 turpe
300 1743 388 1794 pecus,
399 1725 523 1792 glandem
534 1732 614 1794 atque
626 1726 724 1778 cubilia
735 1733 841 1795 propter

52 1791 188 1862 Unguibus
201 1801 229 1847 et
240 1795 345 1862 pugnis,
358 1795 420 1846 dein
431 1795 554 1860 fustibus,
566 1801 646 1862 atque
658 1796 696 1847 ita
708 1812 784 1863 porro

52 1859 208 1930 Pugnabant
220 1865 306 1930 armis,
320 1880 378 1930 quoe
391 1871 450 1932 post
461 1863 636 1916 fabricaverat
647 1881 719 1929 usus,

52 1928 137 1984 Donec
149 1932 237 1998 verba,
250 1931 346 2001 quibus
358 1949 433 1985 roces
445 1949 586 2000 sensusque
598 1937 729 1999 notarent,

52 1995 214 2069 dominaque
226 2001 363 2064 invenere;
382 2001 477 2053 dehinc
489 2000 613 2053 absistere
625 2001 701 2068 bello,

53 2065 152 2138 Oppida
164 2076 301 2137 coeperrmt
311 2069 415 2122 munire
427 2075 454 2122 et
465 2087 561 2138 ponere
574 2070 651 2136 leges,

51 2134 87 2188 Ne
98 2139 158 2206 quis
170 2139 215 2190 fur
227 2145 301 2204 esset,
313 2155 366 2190 neu
378 2139 453 2206 latro,
465 2147 517 2190 neu
529 2139 588 2206 quis
600 2138 711 2192 adulter.

50 2203 73 2254 N
74 2223 116 2258 am
127 2207 182 2260 fuit
194 2212 257 2260 ante
270 2206 400 2259 Helenam
412 2223 514 2258 cunnus
526 2207 662 2259 teterrima
673 2207 736 2259 belli

51 2273 138 2340 Causa,
151 2276 197 2328 sed
208 2276 307 2342 ignotis
319 2276 455 2343 perierunt
466 2276 594 2327 mortibus
606 2275 654 2341 illi,

51 2342 117 2405 Quos
131 2344 259 2396 Venerem
271 2345 400 2396 incertam
411 2345 543 2412 rapientes
554 2361 625 2395 more
637 2344 753 2396 ferarum

50 2407 155 2464 Viribus
167 2412 262 2465 editior
273 2412 397 2478 cadebat,
410 2413 481 2464 utin
493 2429 572 2479 grege
584 2418 683 2465 taurus.
791 2413 840 2461 110

49 2478 66 2528 J
67 2497 115 2534 ura
127 2482 239 2534 inventa
250 2487 325 2532 metu
337 2481 430 2548 injusti
442 2481 542 2532 fateare
554 2495 658 2531 necesse
670 2485 717 2544 est,

48 2546 174 2618 Tempora
186 2550 208 2601 si
220 2551 353 2616 fastosque
364 2548 430 2600 velis
442 2546 559 2598 evolvere
570 2545 670 2595 mundi.

48 2613 99 2670 Nec
111 2625 210 2671 natiue
222 2623 309 2686 potest
317 2618 390 2684 justo
403 2629 534 2668 secernere
545 2613 673 2678 iniquum,
