1866 2874
118 121 151 170 78

429 115 582 168 HORA'HI

188 217 213 272 N
213 221 271 270 octe
282 217 409 270 sublustri
420 217 488 270 nihil
499 223 572 271 retro
583 221 679 286 praeter

256 287 332 340 Vidit
344 295 371 340 et
383 288 474 340 undee.

187 356 252 420 Quae
264 357 343 409 simul
355 363 461 422 centum
473 356 563 424 tetigit
574 360 711 425 potentem

187 425 297 506 Oppidis
311 425 405 478 Creten
415 443 422 478 :
440 426 455 455 “
465 425 552 491 Pater,
564 443 579 478 o
590 427 714 480 relictum

188 493 263 546 lene
275 510 370 546 nomen
382 495 541 562 pietasque,”
555 495 632 560 dixit,

256 561 335 614 Victo
346 561 449 614 furore!

187 629 286 683 “Unde
298 647 350 698 quo
362 629 442 682 venii
461 626 537 680 Levis
548 644 603 680 une
614 645 683 682 mors
694 636 734 685 est

186 694 326 764 virginum
338 696 429 765 culpae.
465 695 619 763 Vigilnnene
631 697 704 764 ploro

185 763 272 834 Turpe
284 765 458 833 commissum,
469 781 504 816 en
516 765 589 817 vitiis
601 770 733 818 carentem

254 834 336 886 Ludit
347 834 434 902 imego

185 902 269 970 Vena,
282 920 341 971 quse
353 910 430 973 porte
441 901 546 970 fugiens
558 901 659 955 eburna

185 972 322 1025 Somnium
333 971 424 1025 duciti
442 971 573 1024 Meliusne
583 971 682 1024 fluctus

185 1041 228 1094 Ire
239 1057 286 1109 per
297 1042 388 1109 longos
399 1041 460 1107 fuit,
473 1057 509 1092 en
519 1046 637 1093 recentes

255 1109 365 1178 (torpere
377 1109 469 1162 fioresi

185 1177 213 1232 si
242 1178 282 1230 uis
294 1178 420 1232 infamem
431 1177 499 1230 mihi
510 1195 583 1231 nunc
590 1179 736 1246 juvencum

73 1261 77 1270 ·
184 1247 209 1301 D
259 1247 364 1315 tiretae,
377 1248 492 1301 lecerare
503 1247 573 1300 ferro
584 1253 612 1300 et

184 1316 316 1384 Frengere
328 1318 415 1370 enitor
425 1317 502 1370 modo
513 1317 631 1370 muitum
642 1317 725 1370 emoti

254 1387 357 1439 Cornua
367 1386 484 1440 monstri.

184 1453 329 1523 Impudens
340 1455 409 1524 liqui
420 1455 519 1524 petrice
531 1453 651 1522 Penates,

184 1522 328 1590 Impudens
340 1524 436 1576 Orcum
447 1539 539 1577 moror.
576 1523 598 1576 0
610 1523 726 1576 Deorum

184 1590 213 1644 si
224 1593 282 1660 quis
294 1592 351 1644 haec
362 1593 445 1660 audis,
458 1593 563 1646 utinam
573 1592 644 1646 inter
655 1609 739 1648 errem

253 1659 334 1713 Nuda
344 1661 445 1714 leones!

184 1728 336 1796 Antequam
347 1729 433 1800 turpis
444 1730 542 1784 macies
554 1731 675 1784 decentes

185 1797 301 1868 Occupet
313 1799 396 1852 meles
408 1805 555 1869 teneraeque
567 1815 660 1852 succus

183 1866 291 1920 Defluat
302 1869 404 1938 preedae,
417 1869 533 1938 speciose
544 1885 633 1938 quoero

254 1936 363 1991 Poscere
375 1939 464 2006 tigres·

184 2003 253 2058 Vilis
264 2006 375 2076 Europe,
388 2013 464 2076 peter
475 2011 553 2076 urget
564 2006 671 2061 absens:

184 2075 255 2138 Quid
266 2077 334 2127 mori
345 2075 446 2128 cesses?
482 2076 560 2130 Potes
572 2077 622 2130 hec
634 2077 668 2130 ab
680 2093 743 2129 orno

184 2141 332 2196 Pendulum
344 2161 409 2197 zone
420 2144 488 2198 bene
499 2149 527 2199 te
538 2151 650 2216 eequute

253 2212 376 2266 Laedere¹
388 2213 492 2269 collum.

183 2278 244 2334 Sive
255 2285 283 2332 te
294 2298 372 2351 rupes
384 2287 412 2336 et
424 2291 502 2338 acute
513 2283 567 2336 leto

183 2347 254 2402 Sext
266 2349 406 2420 delectent,
418 2370 468 2420 ege
479 2358 507 2405 te
518 2352 638 2421 proeellae

183 2415 264 2469 Orode
276 2417 367 2488 reieci,
379 2421 430 2473 nisi
441 2421 523 2474 herile
534 2420 619 2474 meris

253 2484 364 2553 Otr-pere
375 2504 494 2557 pensum,

442 2631 452 2660 ¹¹
467 2638 571 2680 v-liders
