1866 2874
98 89 144 138 ¹58
404 75 557 130 nondun

90 186 177 250 Dives,
190 184 271 252 inops,
282 181 370 232 Remos
383 197 428 232 seu
438 181 490 232 fors
502 180 541 232 ite
549 182 665 248 jusserit,
679 183 754 236 exsul
765 203 772 248 3

91 253 217 333 Quisquis
229 251 278 304 erit
289 251 352 302 vitae
365 249 476 300 scribam
487 247 581 300 color.’'
605 250 650 302 “0
663 268 735 319 puer,
747 259 779 306 ut
791 256 831 307 sis
849 258 886 308 60

91 322 195 387 Vitohs,
206 327 294 372 metuo
306 325 334 370 et
345 319 473 386 majorum
482 335 516 368 ne
527 318 587 384 quis
598 320 698 370 amicus

91 391 198 459 Frigore
210 396 236 441 tc
248 385 350 440 feriet.”
380 389 394 414 “
403 387 482 451 Quid,
495 403 577 454 quum
589 395 629 438 est
640 387 759 440 Lucilius
770 405 857 444 eunus

90 460 194 512 Primus
206 461 234 511 in
247 459 318 511 hunc
331 460 414 527 operis
427 475 578 526 componere
590 459 707 511 cer-mine
718 475 827 526 morem,

89 528 233 582 Detrahere
245 534 272 580 et
284 528 387 596 pellem,
399 525 500 578 nitidus
512 543 565 594 qus
576 527 687 596 quisquo
698 543 745 595 per
756 543 803 580 oro

91 596 206 662 (lederet,
218 597 361 648 introrsum
373 596 465 663 turpis,
477 611 542 646 num
554 595 650 646 Isaelius
662 601 710 647 eut
721 595 768 663 qui

91 665 179 716 Duxit
191 665 224 716 eb
236 682 358 732 oppresse
369 665 493 715 meritum
505 663 663 730 Gerthegine
674 680 778 731 nomen,

90 733 201 800 Ingenio
213 733 305 785 offensi
317 739 364 785 eut
376 733 437 784 lseso
449 731 555 783 doluere
568 731 675 784 Metello

90 801 258 870 Femosisqne
271 801 345 882 Lupo
357 805 477 868 cooperto
490 799 622 852 versibus?
658 799 741 868 Atqui

89 868 219 922 Primores
232 870 322 938 popuh
334 869 447 949 erripuit
459 867 637 935 populumque
649 868 778 936 tributim,

89 937 196 990 Scilicet
207 939 255 989 nni
268 955 359 1005 seqnus
369 937 465 989 virtuti
476 942 557 1002 etque
569 938 626 1003 ojus
637 937 735 989 emiois.
850 937 886 990 70

89 1005 161 1069 Quin
173 1006 219 1057 ubi
231 1023 258 1058 se
270 1023 287 1058 e
298 1005 378 1073 vulgo
391 1011 418 1057 et
430 1021 508 1056 sceno
518 1005 547 1055 in
559 1011 658 1056 secrete
669 1009 803 1057 remorant

89 1073 180 1126 Virtus
193 1073 321 1142 Scipisdoe
334 1081 361 1125 et
373 1073 445 1125 mitis
458 1072 588 1140 sepientis.
600 1071 673 1140 Iassii,
719 1087 720 1092 ¹

88 1141 115 1194 N
115 1141 191 1210 ugoni
203 1159 264 1194 cuns
276 1142 322 1194 illo
334 1147 361 1194 et
373 1141 495 1193 discincti
507 1140 604 1206 ludere,
616 1140 699 1194 donee

88 1209 285 1278 Decoqueretur
297 1209 362 1277 olus,
371 1209 448 1261 soliti.
478 1208 613 1276 Quidquid
625 1227 683 1262 sum
694 1225 750 1276 ego,
759 1210 884 1278 quemvis

89 1278 164 1332 Infre
176 1279 262 1331 Lucili
275 1295 381 1331 censum
393 1277 530 1345 ingenium
548 1294 590 1343 ue,
602 1283 692 1330 tomen
703 1295 746 1330 me
929 1285 930 1294 ¹

89 1347 155 1399 (lum
167 1347 270 1414 megnis
282 1347 377 1399 vixisse
389 1346 475 1397 invite
487 1346 542 1397 lete
560 1345 615 1397 itur
627 1363 709 1414 usque

89 1414 103 1465 I
104 1416 195 1468 nvidis
207 1421 234 1468 et
245 1415 334 1482 fragili
346 1431 465 1483 qnoerens
477 1413 579 1465 illidere
591 1414 697 1466 dentem

89 1483 210 1535 Offendet
222 1483 311 1547 solido,
323 1482 375 1534 nisi
388 1483 450 1550 quid
463 1487 501 1546 tu,
514 1481 590 1534 docte
602 1482 715 1549 Trebati,

90 1551 244 1607 Dissentio?
280 1553 294 1578 ‘⁶
304 1551 434 1618 Equidem
445 1551 513 1601 nihil
525 1550 587 1604 hinc
599 1551 750 1606 diffindere·
760 1569 880 1623 possum.
928 1579 929 1608 ι

91 1621 142 1675 Sed
154 1627 244 1673 temen
255 1625 287 1671 ut
298 1621 414 1672 monitus
426 1635 525 1685 cavens,
536 1637 570 1671 ne
582 1620 649 1671 forte
658 1621 749 1689 negoti
844 1631 882 1678 80
928 1611 929 1706 l

92 1689 211 1742 Incutiat
223 1687 272 1739 tibi
282 1689 346 1755 quid
358 1692 509 1740 senctnrum
521 1688 626 1740 inscitie
637 1689 739 1755 legum:

91 1757 120 1812 si
131 1757 203 1810 mulo
213 1756 359 1809 condiderit
370 1757 399 1808 in
410 1772 489 1823 quem
502 1757 561 1824 quis
572 1757 695 1824 earmina,
710 1760 749 1811 'us
760 1765 801 1812 est

92 1825 308 1893 Judiciumque.”
337 1826 352 1852 ‘⁴
360 1825 431 1890 Esto,
443 1825 466 1876 sl
477 1825 536 1892 quis
547 1824 632 1888 mele3
649 1825 694 1877 sed
739 1845 774 1881 ns
786 1829 809 1881 si
820 1831 884 1898 quis

92 1895 113 1949 J
114 1896 190 1947 udice
202 1893 348 1947 condiderit
359 1893 483 1945 laudatus
495 1892 619 1945 Caesmel
637 1894 659 1945 si
671 1896 730 1962 quis
927 1889 928 1918 ¹

93 1963 116 2061 9
136 1961 741 2088 sur
927 1919 928 1999 l

433 2069 439 2096 ‚
684 2071 691 2085 .

393 2209 521 2265 snmus
540 2209 577 2266 II.

87 2309 155 2374 Qun
167 2310 251 2362 virtus
263 2315 290 2363 et
304 2316 410 2379 querite,
422 2310 492 2376 boni,
505 2309 540 2361 sit
551 2309 638 2362 vivere
650 2325 780 2377 pervor-

86 2377 142 2430 Nec
154 2395 227 2429 meus
239 2378 283 2429 hic
295 2397 377 2431 sermo
390 2385 436 2444 est,
449 2379 494 2431 sed
508 2394 565 2446 quae
578 2394 661 2446 praece
679 2378 702 2430 it
713 2377 802 2431 Ofello

86 2445 219 2509 Rusticus,
231 2445 361 2498 abnormis
374 2448 477 2515 sepiens
489 2463 626 2514 crasseque
640 2395 763 2499 ldinerrs
770 2465 813 2511 ;-

86 2512 186 2566 Discite
198 2528 251 2562 non
263 2513 332 2564 inter
343 2515 430 2565 lances
443 2532 596 2582 mensusque
607 2515 729 2584 nitentes,

415 2608 425 2627 ο
439 2597 546 2648 diffingere
