1908 2886
450 125 603 179 Huunuu

238 326 412 380 EPISTOLA
432 326 578 379 inu-n>
591 338 729 378 vrnmcun
742 336 823 374 suun.

142 440 260 494 Vtumcn
272 440 397 493 silvarum
409 446 435 493 st
447 439 514 492 mihi
524 458 566 492 me
577 439 710 494 reddentis
722 441 808 510 agelli,
935 431 936 492 i

142 511 226 575 Quem
237 516 267 562 tu
278 510 381 562 fastidis
393 510 543 562 habitatum
555 511 670 579 quinque
682 512 746 563 focis
758 518 785 564 et
935 507 936 524 ¹

142 580 263 648 Quinque
274 578 353 661 bonos
365 580 471 661 solitum
484 580 734 700 Veriumfdimittcrc
747 588 842 650 putres,

140 648 514 787 &dimittitis
520 655 778 786 {tisim

141 785 185 840 Me
198 788 316 855 quemvis
329 787 424 840 Lemiae
437 789 520 857 pietus
533 794 559 840 et
571 806 634 841 cura
645 795 761 841 moretm

142 853 259 910 Fratrem
271 858 410 925 moerentis,
422 863 497 926 rupto
510 857 542 909 de
554 859 635 910 fratre
648 857 760 910 dolentis
827 887 831 896 ·

140 925 323 994 Insolubiiitcr,
336 935 425 978 tumen
436 926 505 979 istuc
517 944 590 979 mens
602 928 757 996 animusque

139 995 202 1048 Fert
214 1002 241 1049 et
253 1003 325 1048 umet
337 996 428 1064 spetiis
440 996 571 1048 obstantia
582 1013 700 1065 rumpere
713 997 834 1050 claustra.

140 1064 211 1118 Rure
222 1082 270 1133 ego
282 1065 423 1134 viventem,
435 1070 466 1117 tu
478 1065 542 1116 dicis
554 1066 583 1117 in
595 1065 659 1118 urbe
670 1066 779 1118 bestnm
786 1086 794 1130 ;
894 1069 924 1118 10

140 1133 188 1187 cui
200 1135 286 1202 plucet
298 1134 413 1202 ulterius,
426 1152 474 1186 suc
485 1135 610 1186 nimirum
622 1141 661 1186 cst
673 1135 732 1187 odio
745 1153 805 1188 sors.

139 1202 242 1256 Stultus
253 1210 363 1271 uterquc
376 1204 463 1256 locum
474 1203 634 1256 immeritum
647 1210 771 1256 causatur
781 1205 887 1274 inique;

139 1272 172 1325 In
185 1273 262 1342 culpe
274 1279 314 1326 est
326 1273 436 1340 unimus,
449 1273 495 1341 qui
507 1291 533 1325 se
545 1290 598 1325 nou
609 1272 701 1342 effugit
713 1291 838 1344 unquam.

138 1341 179 1395 Tu
190 1343 362 1395 mediastinus
374 1343 456 1395 tucitu
468 1359 616 1411 procerum
660 1343 741 1412 tebus,

137 1410 216 1464 Nunc
228 1412 319 1464 urbem
330 1418 358 1463 et
369 1411 444 1463 ludos
456 1418 483 1464 et
495 1410 588 1464 balnea
618 1411 624 1424 '
649 1411 702 1465 'cus
714 1417 789 1482 optus
796 1431 804 1478 3

138 1479 182 1533 Me
194 1488 311 1533 constane
323 1480 389 1532 mihi
401 1481 450 1533 scis
462 1487 489 1532 ct
501 1479 631 1532 discedere
642 1481 752 1550 tristem,

138 1549 355 1617 Quondoeunquo
367 1550 477 1602 trahunt
488 1549 573 1602 invisa
585 1550 689 1618 negotiu
701 1551 818 1604 Romam.

139 1617 165 1670 N
167 1635 200 1670 on
212 1619 303 1671 eedem
314 1618 455 1683 miramur3
473 1636 502 1670 co
514 1619 676 1672 disconvenit
688 1620 758 1672 inter

137 1685 168 1739 M
200 1705 234 1740 ue
246 1694 272 1742 et
285 1695 325 1742 te:
343 1705 412 1754 nom,
425 1705 484 1757 quae
496 1687 598 1741 deserta
610 1695 637 1741 et
647 1689 781 1759 inhospita
792 1694 886 1758 tesqua

138 1755 171 1808 Or
203 1757 233 1825 is,
246 1775 347 1811 emoeue
359 1765 442 1824 vocat,
455 1773 558 1810 mecum
569 1759 614 1826 qui
627 1759 714 1826 sentit,
727 1765 754 1811 et
766 1757 829 1826 odit,
889 1761 920 1808 ΞΟ

138 1825 204 1887 Ques
216 1833 247 1880 tu
259 1827 369 1896 pulchra
399 1833 467 1880 utus.
502 1827 600 1879 Fornix
611 1826 661 1882 tibi
673 1834 700 1881 et
711 1832 793 1881 uncte
805 1829 901 1898 popina

136 1895 277 1949 Incutinnt
289 1896 359 1948 rubis
390 1895 535 1966 esiderium,
547 1897 631 1964 video,
643 1904 670 1950 et
682 1898 753 1965 quod
936 1905 937 1914 ²

136 1965 258 2034 Anguius
269 1966 320 2018 iste
331 1967 398 2018 ieret
408 1969 485 2036 piper
495 1973 522 2019 et
536 1967 597 2018 thus
609 1967 680 2019 ocius
692 1983 753 2034 uve,

136 2033 163 2087 N
163 2053 191 2088 ec
203 2037 290 2089 vicine
302 2036 391 2087 subest
402 2035 495 2087 vinum
506 2035 620 2104 praebere
633 2035 742 2089 taberne

135 2103 292 2227 iioemmit
304 2105 360 2172 tibi,
370 2121 420 2226 lrjrjc
430 2105 557 2226 {uereretrix
569 2105 773 2228 tibicinetacnujus

135 2241 156 2294 J
156 2192 369 2321 ompriddrirmnoii
375 2191 448 2296 teitu
457 2191 664 2312 igoiiiiisoris
675 2191 853 2314 bovgilrdiieges

134 2309 303 2376 Drsjnnctum
315 2330 390 2364 curos
402 2319 429 2365 et
441 2313 539 2365 strictis
551 2314 684 2366 frondibus
696 2314 802 2383 exples;

135 2375 219 2428 Addit
230 2394 294 2444 opus
307 2381 381 2447 pigro
392 2381 471 2449 rivus,
483 2383 506 2434 si
518 2383 615 2435 decidit
627 2383 717 2450 imber,

134 2443 224 2494 Mults.
235 2446 301 2497 mole
314 2448 445 2501 docendus
457 2451 545 2519 aprico
557 2467 662 2520 parcere
666 2457 757 2573 dproto.
886 2456 921 2505 30

134 2509 214 2562 Nunc
226 2527 281 2577 ege,
294 2514 356 2579 quid
368 2523 487 2570 nostrum
499 2527 654 2573 concentum
684 2520 775 2588 ividnt,
787 2521 857 2576 sudi.

136 2577 218 2641 Quem
231 2583 322 2632 tenues
334 2582 442 2638 decuere
454 2591 523 2655 togae
534 2589 663 2660 nitidique
676 2589 772 2660 capilii,
