<?xml version="1.0" encoding="UTF-8"?>
<!DOCTYPE html PUBLIC "-//W3C//DTD XHTML 1.0 Transitional//EN"
    "http://www.w3.org/TR/xhtml1/DTD/xhtml1-transitional.dtd">
<html xmlns="http://www.w3.org/1999/xhtml" xml:lang="en" lang="en">
 <head>
  <title>
</title>
<meta http-equiv="Content-Type" content="text/html;charset=utf-8" />
  <meta name='ocr-system' content='tesseract 3.04.00' />
  <meta name='ocr-capabilities' content='ocr_page ocr_carea ocr_par ocr_line ocrx_word'/>
</head>
<body>
  <div class='ocr_page' id='page_1' title='image "./qhoratiiflaccio02horagoog_0215.png"; bbox 0 0 1908 2886; ppageno 0'>
   <div class='ocr_carea' id='block_1_1' title="bbox 129 86 601 140">
    <p class='ocr_par' dir='ltr' id='par_1_1' title="bbox 129 86 601 140">
     <span class='ocr_line' id='line_1_1' title="bbox 129 86 601 140; baseline -0.004 0"><span class='ocrx_word' id='word_1_1' title='bbox 129 90 179 140; x_wconf 89' lang='lat'>190</span> <span class='ocrx_word' id='word_1_2' title='bbox 449 86 601 139; x_wconf 81' lang='lat' dir='ltr'>HORA&#39;lII</span> 
     </span>
    </p>
   </div>
   <div class='ocr_carea' id='block_1_2' title="bbox 124 189 916 1516">
    <p class='ocr_par' dir='ltr' id='par_1_2' title="bbox 126 189 770 265">
     <span class='ocr_line' id='line_1_2' title="bbox 126 189 770 265; baseline 0.012 -21"><span class='ocrx_word' id='word_1_3' title='bbox 126 189 177 244; x_wconf 78' lang='lat' dir='ltr'>sed</span> <span class='ocrx_word' id='word_1_4' title='bbox 189 191 387 261; x_wconf 73' lang='lat' dir='ltr'>quadringentis</span> <span class='ocrx_word' id='word_1_5' title='bbox 399 211 444 246; x_wconf 84' lang='lat' dir='ltr'>sex</span> <span class='ocrx_word' id='word_1_6' title='bbox 457 201 557 265; x_wconf 80' lang='lat' dir='ltr'><strong>septem</strong></span> <span class='ocrx_word' id='word_1_7' title='bbox 567 198 652 252; x_wconf 80' lang='lat' dir='ltr'>millis</span> <span class='ocrx_word' id='word_1_8' title='bbox 662 199 770 252; x_wconf 81' lang='lat' dir='ltr'>desunt:</span> 
     </span>
    </p>

    <p class='ocr_par' dir='ltr' id='par_1_3' title="bbox 125 253 848 358">
     <span class='ocr_line' id='line_1_3' title="bbox 125 253 848 358; baseline 0.006 -42"><span class='ocrx_word' id='word_1_9' title='bbox 125 253 201 317; x_wconf 71' lang='lat' dir='ltr'>Plebs</span> <span class='ocrx_word' id='word_1_10' title='bbox 213 265 271 318; x_wconf 82' lang='lat' dir='ltr'>eris.</span> <span class='ocrx_word' id='word_1_11' title='bbox 307 269 343 320; x_wconf 83' lang='lat' dir='ltr'>At</span> <span class='ocrx_word' id='word_1_12' title='bbox 355 267 430 358; x_wconf 63' lang='lat' dir='ltr'>pueri</span> <span class='ocrx_word' id='word_1_13' title='bbox 442 267 570 334; x_wconf 81' lang='lat' dir='ltr'>ludentes,</span> <span class='ocrx_word' id='word_1_14' title='bbox 582 269 598 296; x_wconf 90' lang='lat'><strong>“</strong></span> <span class='ocrx_word' id='word_1_15' title='bbox 606 269 663 321; x_wconf 77' lang='lat' dir='ltr'>Rex</span> <span class='ocrx_word' id='word_1_16' title='bbox 675 267 748 336; x_wconf 86' lang='lat' dir='ltr'>eris,&#39;’</span> <span class='ocrx_word' id='word_1_17' title='bbox 760 266 848 333; x_wconf 81' lang='lat' dir='ltr'>siunt,</span> 
     </span>
    </p>

    <p class='ocr_par' dir='ltr' id='par_1_4' title="bbox 124 333 916 476">
     <span class='ocr_line' id='line_1_4' title="bbox 125 333 916 392; baseline 0.004 -6"><span class='ocrx_word' id='word_1_18' title='bbox 125 335 139 360; x_wconf 90' lang='lat'><strong>“</strong></span> <span class='ocrx_word' id='word_1_19' title='bbox 149 333 176 386; x_wconf 82' lang='lat' dir='ltr'>Si</span> <span class='ocrx_word' id='word_1_20' title='bbox 188 342 258 388; x_wconf 76' lang='lat' dir='ltr'>reste</span> <span class='ocrx_word' id='word_1_21' title='bbox 270 335 373 389; x_wconf 74' lang='lat' dir='ltr'>facies’</span> <span class='ocrx_word' id='word_1_22' title='bbox 408 337 462 390; x_wconf 85' lang='lat' dir='ltr'>Hie</span> <span class='ocrx_word' id='word_1_23' title='bbox 472 355 562 390; x_wconf 82' lang='lat' dir='ltr'>murus</span> <span class='ocrx_word' id='word_1_24' title='bbox 574 340 672 392; x_wconf 65' lang='lat' dir='ltr'>tineus</span> <span class='ocrx_word' id='word_1_25' title='bbox 685 345 739 392; x_wconf 87' lang='lat' dir='ltr'>esto</span> <span class='ocrx_word' id='word_1_26' title='bbox 751 356 756 391; x_wconf 95' lang='lat'><strong>:</strong></span> <span class='ocrx_word' id='word_1_27' title='bbox 882 341 916 390; x_wconf 85' lang='grc'>60</span> 
     </span>
     <span class='ocr_line' id='line_1_5' title="bbox 124 405 700 476; baseline 0.002 -18"><span class='ocrx_word' id='word_1_28' title='bbox 124 405 171 458; x_wconf 84' lang='lat' dir='ltr'>Nil</span> <span class='ocrx_word' id='word_1_29' title='bbox 182 405 296 458; x_wconf 79' lang='lat' dir='ltr'>eonssire</span> <span class='ocrx_word' id='word_1_30' title='bbox 308 405 365 472; x_wconf 89' lang='lat' dir='ltr'>sibi,</span> <span class='ocrx_word' id='word_1_31' title='bbox 377 405 452 458; x_wconf 78' lang='lat' dir='ltr'>nulls</span> <span class='ocrx_word' id='word_1_32' title='bbox 464 405 603 474; x_wconf 65' lang='lat' dir='ltr'>pallescere</span> <span class='ocrx_word' id='word_1_33' title='bbox 614 407 700 476; x_wconf 55' lang='lat' dir='ltr'>culpat</span> 
     </span>
    </p>

    <p class='ocr_par' dir='ltr' id='par_1_5' title="bbox 125 473 789 543">
     <span class='ocr_line' id='line_1_6' title="bbox 125 473 789 543; baseline 0.005 -17"><span class='ocrx_word' id='word_1_34' title='bbox 125 473 225 542; x_wconf 76' lang='lat' dir='ltr'>Bessis,</span> <span class='ocrx_word' id='word_1_35' title='bbox 237 473 280 527; x_wconf 82' lang='lat' dir='ltr'>dio</span> <span class='ocrx_word' id='word_1_36' title='bbox 292 475 373 542; x_wconf 87' lang='lat' dir='ltr'>sodes,</span> <span class='ocrx_word' id='word_1_37' title='bbox 385 475 476 527; x_wconf 88' lang='lat' dir='ltr'>melior</span> <span class='ocrx_word' id='word_1_38' title='bbox 487 475 538 543; x_wconf 82' lang='lat' dir='ltr'>lex,</span> <span class='ocrx_word' id='word_1_39' title='bbox 551 492 586 527; x_wconf 80' lang='lat' dir='ltr'>un</span> <span class='ocrx_word' id='word_1_40' title='bbox 598 493 739 543; x_wconf 85' lang='lat' dir='ltr'>puerorum</span> <span class='ocrx_word' id='word_1_41' title='bbox 750 480 789 529; x_wconf 87' lang='lat' dir='ltr'>est</span> 
     </span>
    </p>

    <p class='ocr_par' dir='ltr' id='par_1_6' title="bbox 124 542 757 613">
     <span class='ocr_line' id='line_1_7' title="bbox 124 542 757 613; baseline 0.003 -18"><span class='ocrx_word' id='word_1_42' title='bbox 124 542 218 610; x_wconf 68' lang='lat' dir='ltr'>lienis,</span> <span class='ocrx_word' id='word_1_43' title='bbox 249 560 289 596; x_wconf 81' lang='lat' dir='ltr'>uae</span> <span class='ocrx_word' id='word_1_44' title='bbox 301 561 413 612; x_wconf 79' lang='lat' dir='ltr'>regnum</span> <span class='ocrx_word' id='word_1_45' title='bbox 424 549 495 597; x_wconf 81' lang='lat' dir='ltr'>reete</span> <span class='ocrx_word' id='word_1_46' title='bbox 506 544 663 597; x_wconf 62' lang='lat' dir='ltr'>facientibus</span> <span class='ocrx_word' id='word_1_47' title='bbox 675 545 757 613; x_wconf 85' lang='lat' dir='ltr'>offert,</span> 
     </span>
    </p>

    <p class='ocr_par' dir='ltr' id='par_1_7' title="bbox 124 559 722 666">
     <span class='ocr_line' id='line_1_8' title="bbox 124 559 722 666; baseline 0.003 -2"><span class='ocrx_word' id='word_1_48' title='bbox 124 611 160 664; x_wconf 83' lang='lat' dir='ltr'>Et</span> <span class='ocrx_word' id='word_1_49' title='bbox 171 559 286 665; x_wconf 59' lang='lat' dir='ltr'>manitus</span> <span class='ocrx_word' id='word_1_50' title='bbox 299 613 383 666; x_wconf 77' lang='lat' dir='ltr'>(iuriis</span> <span class='ocrx_word' id='word_1_51' title='bbox 395 620 423 666; x_wconf 86' lang='lat' dir='ltr'>et</span> <span class='ocrx_word' id='word_1_52' title='bbox 435 613 575 666; x_wconf 72' lang='lat' dir='ltr'>decantate</span> <span class='ocrx_word' id='word_1_53' title='bbox 587 613 722 666; x_wconf 75' lang='lat' dir='ltr'>Camillisi</span> 
     </span>
    </p>

    <p class='ocr_par' dir='ltr' id='par_1_8' title="bbox 125 681 767 751">
     <span class='ocr_line' id='line_1_9' title="bbox 125 681 767 751; baseline 0.005 -18"><span class='ocrx_word' id='word_1_54' title='bbox 125 681 187 734; x_wconf 83' lang='lat' dir='ltr'>Isns</span> <span class='ocrx_word' id='word_1_55' title='bbox 198 681 248 735; x_wconf 90' lang='lat' dir='ltr'>tibi</span> <span class='ocrx_word' id='word_1_56' title='bbox 259 682 352 734; x_wconf 89' lang='lat' dir='ltr'>melius</span> <span class='ocrx_word' id='word_1_57' title='bbox 365 682 465 750; x_wconf 72' lang='lat' dir='ltr'>suadet,</span> <span class='ocrx_word' id='word_1_58' title='bbox 479 683 591 751; x_wconf 85' lang='lat' dir='ltr'>quirem</span> <span class='ocrx_word' id='word_1_59' title='bbox 603 683 692 750; x_wconf 74' lang='lat' dir='ltr'>fusiss,</span> <span class='ocrx_word' id='word_1_60' title='bbox 704 700 767 750; x_wconf 87' lang='lat' dir='ltr'>rem,</span> 
     </span>
    </p>

    <p class='ocr_par' dir='ltr' id='par_1_9' title="bbox 124 749 785 820">
     <span class='ocr_line' id='line_1_10' title="bbox 124 749 785 820; baseline 0.002 -16"><span class='ocrx_word' id='word_1_61' title='bbox 124 749 153 804; x_wconf 86' lang='lat' dir='ltr'>Si</span> <span class='ocrx_word' id='word_1_62' title='bbox 164 751 253 820; x_wconf 86' lang='lat' dir='ltr'>possis,</span> <span class='ocrx_word' id='word_1_63' title='bbox 265 759 344 818; x_wconf 82' lang='lat' dir='ltr'>recte,</span> <span class='ocrx_word' id='word_1_64' title='bbox 357 751 378 804; x_wconf 90' lang='lat' dir='ltr'>si</span> <span class='ocrx_word' id='word_1_65' title='bbox 389 769 451 818; x_wconf 83' lang='lat' dir='ltr'>non,</span> <span class='ocrx_word' id='word_1_66' title='bbox 465 768 622 820; x_wconf 82' lang='lat' dir='ltr'>quocunque</span> <span class='ocrx_word' id='word_1_67' title='bbox 633 751 710 804; x_wconf 83' lang='lat' dir='ltr'>modo</span> <span class='ocrx_word' id='word_1_68' title='bbox 721 770 785 820; x_wconf 88' lang='lat' dir='ltr'>rem,</span> 
     </span>
    </p>

    <p class='ocr_par' dir='ltr' id='par_1_10' title="bbox 125 819 768 892">
     <span class='ocr_line' id='line_1_11' title="bbox 125 819 768 892; baseline 0.005 -20"><span class='ocrx_word' id='word_1_69' title='bbox 125 819 163 872; x_wconf 89' lang='lat' dir='ltr'>Ut</span> <span class='ocrx_word' id='word_1_70' title='bbox 177 821 283 889; x_wconf 82' lang='lat' dir='ltr'>propius</span> <span class='ocrx_word' id='word_1_71' title='bbox 295 825 394 889; x_wconf 82' lang='lat' dir='ltr'>spectes</span> <span class='ocrx_word' id='word_1_72' title='bbox 406 821 543 874; x_wconf 79' lang='lat' dir='ltr'>luerimoss</span> <span class='ocrx_word' id='word_1_73' title='bbox 554 823 677 890; x_wconf 65' lang='lat' dir='ltr'>poemata</span> <span class='ocrx_word' id='word_1_74' title='bbox 688 821 768 892; x_wconf 90' lang='lat' dir='ltr'>Pupi,</span> 
     </span>
    </p>

    <p class='ocr_par' dir='ltr' id='par_1_11' title="bbox 125 889 693 960">
     <span class='ocr_line' id='line_1_12' title="bbox 125 889 693 960; baseline 0.004 -18"><span class='ocrx_word' id='word_1_75' title='bbox 125 889 168 942; x_wconf 76' lang='lat' dir='ltr'>An</span> <span class='ocrx_word' id='word_1_76' title='bbox 182 890 228 958; x_wconf 89' lang='lat' dir='ltr'>qui</span> <span class='ocrx_word' id='word_1_77' title='bbox 242 890 363 943; x_wconf 79' lang='lat' dir='ltr'>Fortunae</span> <span class='ocrx_word' id='word_1_78' title='bbox 376 896 403 943; x_wconf 92' lang='lat' dir='ltr'>te</span> <span class='ocrx_word' id='word_1_79' title='bbox 414 907 565 959; x_wconf 72' lang='lat' dir='ltr'>responsare</span> <span class='ocrx_word' id='word_1_80' title='bbox 578 890 693 960; x_wconf 83' lang='lat' dir='ltr'>superbae</span> 
     </span>
    </p>

    <p class='ocr_par' dir='ltr' id='par_1_12' title="bbox 125 957 817 1030">
     <span class='ocr_line' id='line_1_13' title="bbox 125 957 817 1030; baseline 0.006 -20"><span class='ocrx_word' id='word_1_81' title='bbox 125 957 248 1011; x_wconf 83' lang='lat' dir='ltr'>Liberum</span> <span class='ocrx_word' id='word_1_82' title='bbox 260 965 287 1011; x_wconf 85' lang='lat' dir='ltr'>st</span> <span class='ocrx_word' id='word_1_83' title='bbox 299 965 415 1011; x_wconf 82' lang='lat' dir='ltr'>ereetum</span> <span class='ocrx_word' id='word_1_84' title='bbox 445 976 539 1012; x_wconf 79' lang='lat' dir='ltr'>raesens</span> <span class='ocrx_word' id='word_1_85' title='bbox 550 959 672 1013; x_wconf 75' lang='lat' dir='ltr'>hortatur</span> <span class='ocrx_word' id='word_1_86' title='bbox 683 966 711 1013; x_wconf 87' lang='lat' dir='ltr'>et</span> <span class='ocrx_word' id='word_1_87' title='bbox 722 959 817 1030; x_wconf 68' lang='lat' dir='ltr'>spi-sti</span> 
     </span>
    </p>

    <p class='ocr_par' dir='ltr' id='par_1_13' title="bbox 125 976 915 1167">
     <span class='ocr_line' id='line_1_14' title="bbox 125 976 915 1097; baseline 0.001 -18"><span class='ocrx_word' id='word_1_88' title='bbox 125 1027 202 1090; x_wconf 81' lang='lat' dir='ltr'>Quod</span> <span class='ocrx_word' id='word_1_89' title='bbox 214 1028 236 1080; x_wconf 89' lang='lat' dir='ltr'>si</span> <span class='ocrx_word' id='word_1_90' title='bbox 248 1045 290 1080; x_wconf 86' lang='lat' dir='ltr'>me</span> <span class='ocrx_word' id='word_1_91' title='bbox 302 1045 335 1096; x_wconf 84' lang='lat' dir='ltr'>po</span> <span class='ocrx_word' id='word_1_92' title='bbox 354 1028 415 1080; x_wconf 87' lang='lat' dir='ltr'>ulus</span> <span class='ocrx_word' id='word_1_93' title='bbox 427 976 561 1081; x_wconf 50' lang='lat' dir='ltr'>Romanus</span> <span class='ocrx_word' id='word_1_94' title='bbox 573 1029 640 1082; x_wconf 86' lang='lat' dir='ltr'>forte</span> <span class='ocrx_word' id='word_1_95' title='bbox 651 1036 733 1097; x_wconf 82' lang='lat' dir='ltr'>roget,</span> <span class='ocrx_word' id='word_1_96' title='bbox 746 1047 795 1083; x_wconf 81' lang='lat' dir='ltr'>eur</span> <span class='ocrx_word' id='word_1_97' title='bbox 881 1033 915 1084; x_wconf 78' lang='lat'>70</span> 
     </span>
     <span class='ocr_line' id='line_1_15' title="bbox 125 1045 753 1167; baseline 0.003 -19"><span class='ocrx_word' id='word_1_98' title='bbox 125 1095 193 1163; x_wconf 79' lang='lat' dir='ltr'>Non,</span> <span class='ocrx_word' id='word_1_99' title='bbox 205 1103 237 1148; x_wconf 92' lang='lat' dir='ltr'>ut</span> <span class='ocrx_word' id='word_1_100' title='bbox 250 1045 399 1165; x_wconf 49' lang='lat' dir='ltr'>porticiisus,</span> <span class='ocrx_word' id='word_1_101' title='bbox 412 1097 449 1150; x_wconf 87' lang='lat' dir='ltr'>sie</span> <span class='ocrx_word' id='word_1_102' title='bbox 457 1097 565 1167; x_wconf 80' lang='lat' dir='ltr'>judiciis</span> <span class='ocrx_word' id='word_1_103' title='bbox 576 1098 650 1151; x_wconf 82' lang='lat' dir='ltr'>fiunr</span> <span class='ocrx_word' id='word_1_104' title='bbox 661 1099 753 1165; x_wconf 84' lang='lat' dir='ltr'>isdem,</span> 
     </span>
    </p>

    <p class='ocr_par' dir='ltr' id='par_1_14' title="bbox 125 1164 835 1304">
     <span class='ocr_line' id='line_1_16' title="bbox 125 1164 835 1237; baseline 0.007 -20"><span class='ocrx_word' id='word_1_105' title='bbox 125 1164 181 1217; x_wconf 80' lang='lat' dir='ltr'>Nee</span> <span class='ocrx_word' id='word_1_106' title='bbox 193 1181 287 1233; x_wconf 79' lang='lat' dir='ltr'>sequar</span> <span class='ocrx_word' id='word_1_107' title='bbox 298 1172 346 1218; x_wconf 77' lang='lat' dir='ltr'>aut</span> <span class='ocrx_word' id='word_1_108' title='bbox 357 1166 466 1234; x_wconf 79' lang='lat' dir='ltr'>fugium,</span> <span class='ocrx_word' id='word_1_109' title='bbox 478 1183 537 1236; x_wconf 79' lang='lat' dir='ltr'>quae</span> <span class='ocrx_word' id='word_1_110' title='bbox 549 1167 638 1236; x_wconf 79' lang='lat' dir='ltr'>diligit</span> <span class='ocrx_word' id='word_1_111' title='bbox 649 1167 705 1237; x_wconf 83' lang='lat' dir='ltr'>ipse</span> <span class='ocrx_word' id='word_1_112' title='bbox 717 1168 761 1222; x_wconf 79' lang='lat' dir='ltr'>vel</span> <span class='ocrx_word' id='word_1_113' title='bbox 771 1169 835 1236; x_wconf 81' lang='lat' dir='ltr'>odit,</span> 
     </span>
     <span class='ocr_line' id='line_1_17' title="bbox 126 1231 662 1304; baseline 0.009 -20"><span class='ocrx_word' id='word_1_114' title='bbox 126 1231 197 1286; x_wconf 88' lang='lat' dir='ltr'>Olim</span> <span class='ocrx_word' id='word_1_115' title='bbox 208 1235 278 1301; x_wconf 86' lang='lat' dir='ltr'>quod</span> <span class='ocrx_word' id='word_1_116' title='bbox 290 1234 382 1302; x_wconf 85' lang='lat' dir='ltr'>vulpes</span> <span class='ocrx_word' id='word_1_117' title='bbox 395 1242 491 1304; x_wconf 82' lang='lat' dir='ltr'>aegroto</span> <span class='ocrx_word' id='word_1_118' title='bbox 503 1241 581 1289; x_wconf 73' lang='lat' dir='ltr'>cents</span> <span class='ocrx_word' id='word_1_119' title='bbox 592 1237 662 1289; x_wconf 84' lang='lat' dir='ltr'>leoni</span> 
     </span>
    </p>

    <p class='ocr_par' dir='ltr' id='par_1_15' title="bbox 125 1305 911 1516">
     <span class='ocr_line' id='line_1_18' title="bbox 126 1305 821 1376; baseline 0.004 -18"><span class='ocrx_word' id='word_1_120' title='bbox 126 1305 278 1376; x_wconf 73' lang='lat' dir='ltr'>Respondit,</span> <span class='ocrx_word' id='word_1_121' title='bbox 289 1306 401 1358; x_wconf 79' lang='lat' dir='ltr'>referum</span> <span class='ocrx_word' id='word_1_122' title='bbox 411 1323 418 1359; x_wconf 73' lang='grc' dir='ltr'><em>τ</em></span> <span class='ocrx_word' id='word_1_123' title='bbox 436 1306 451 1334; x_wconf 84' lang='grc'><strong>“</strong></span> <span class='ocrx_word' id='word_1_124' title='bbox 462 1306 529 1372; x_wconf 77' lang='lat' dir='ltr'>Quia</span> <span class='ocrx_word' id='word_1_125' title='bbox 536 1325 580 1360; x_wconf 82' lang='lat' dir='ltr'>ms</span> <span class='ocrx_word' id='word_1_126' title='bbox 591 1307 702 1376; x_wconf 72' lang='lat' dir='ltr'>vestigia</span> <span class='ocrx_word' id='word_1_127' title='bbox 713 1311 821 1375; x_wconf 80' lang='lat' dir='ltr'>terrent,</span> 
     </span>
     <span class='ocr_line' id='line_1_19' title="bbox 125 1375 835 1446; baseline 0.003 -18"><span class='ocrx_word' id='word_1_128' title='bbox 125 1375 221 1428; x_wconf 80' lang='lat' dir='ltr'>Omnis</span> <span class='ocrx_word' id='word_1_129' title='bbox 233 1383 260 1429; x_wconf 87' lang='lat' dir='ltr'>te</span> <span class='ocrx_word' id='word_1_130' title='bbox 269 1375 409 1429; x_wconf 68' lang='lat' dir='ltr'>adversum</span> <span class='ocrx_word' id='word_1_131' title='bbox 421 1377 573 1446; x_wconf 69' lang='lat' dir='ltr'>spectantia,</span> <span class='ocrx_word' id='word_1_132' title='bbox 585 1375 659 1430; x_wconf 80' lang='lat' dir='ltr'>nulls</span> <span class='ocrx_word' id='word_1_133' title='bbox 670 1377 835 1431; x_wconf 84' lang='lat' dir='ltr'>retrorsum.”</span> 
     </span>
     <span class='ocr_line' id='line_1_20' title="bbox 125 1443 911 1516; baseline 0.001 -18"><span class='ocrx_word' id='word_1_134' title='bbox 125 1443 220 1498; x_wconf 76' lang='lat' dir='ltr'>Bellus</span> <span class='ocrx_word' id='word_1_135' title='bbox 229 1445 375 1498; x_wconf 87' lang='lat' dir='ltr'>multorum</span> <span class='ocrx_word' id='word_1_136' title='bbox 386 1461 414 1498; x_wconf 87' lang='lat' dir='ltr'>es</span> <span class='ocrx_word' id='word_1_137' title='bbox 430 1446 556 1516; x_wconf 79' lang='lat' dir='ltr'>cupitum.</span> <span class='ocrx_word' id='word_1_138' title='bbox 591 1446 662 1500; x_wconf 78' lang='lat' dir='ltr'>Num</span> <span class='ocrx_word' id='word_1_139' title='bbox 674 1446 739 1514; x_wconf 86' lang='lat' dir='ltr'>quid</span> <span class='ocrx_word' id='word_1_140' title='bbox 752 1463 847 1516; x_wconf 84' lang='lat' dir='ltr'>sequsr</span> <span class='ocrx_word' id='word_1_141' title='bbox 863 1455 911 1500; x_wconf 77' lang='lat' dir='ltr'>sut</span> 
     </span>
    </p>
   </div>
   <div class='ocr_carea' id='block_1_3' title="bbox 125 1513 840 1648">
    <p class='ocr_par' dir='ltr' id='par_1_16' title="bbox 125 1513 840 1648">
     <span class='ocr_line' id='line_1_21' title="bbox 125 1513 840 1648; baseline 0 -18"><span class='ocrx_word' id='word_1_142' title='bbox 125 1529 197 1630; x_wconf 63' lang='lat' dir='ltr'>Psiiis1</span> <span class='ocrx_word' id='word_1_143' title='bbox 196 1513 337 1631; x_wconf 57' lang='lat' dir='ltr'>ehusiuiinum</span> <span class='ocrx_word' id='word_1_144' title='bbox 348 1577 428 1646; x_wconf 81' lang='lat' dir='ltr'>gestit</span> <span class='ocrx_word' id='word_1_145' title='bbox 440 1578 584 1630; x_wconf 82' lang='lat' dir='ltr'>conducere</span> <span class='ocrx_word' id='word_1_146' title='bbox 595 1575 707 1647; x_wconf 79' lang='lat' dir='ltr'>publicu,</span> <span class='ocrx_word' id='word_1_147' title='bbox 720 1584 781 1632; x_wconf 90' lang='lat' dir='ltr'>sunt</span> <span class='ocrx_word' id='word_1_148' title='bbox 794 1579 840 1648; x_wconf 91' lang='lat' dir='ltr'>qui</span> 
     </span>
    </p>
   </div>
   <div class='ocr_carea' id='block_1_4' title="bbox 125 1645 911 2044">
    <p class='ocr_par' dir='ltr' id='par_1_17' title="bbox 125 1645 778 1784">
     <span class='ocr_line' id='line_1_22' title="bbox 126 1645 715 1716; baseline 0.003 -18"><span class='ocrx_word' id='word_1_149' title='bbox 126 1645 224 1699; x_wconf 71' lang='lat' dir='ltr'>(trustis</span> <span class='ocrx_word' id='word_1_150' title='bbox 237 1654 263 1699; x_wconf 90' lang='lat' dir='ltr'>et</span> <span class='ocrx_word' id='word_1_151' title='bbox 275 1647 358 1716; x_wconf 88' lang='lat' dir='ltr'>pomis</span> <span class='ocrx_word' id='word_1_152' title='bbox 370 1646 463 1700; x_wconf 73' lang='lat' dir='ltr'>viduas</span> <span class='ocrx_word' id='word_1_153' title='bbox 475 1652 604 1700; x_wconf 81' lang='lat' dir='ltr'>venentur</span> <span class='ocrx_word' id='word_1_154' title='bbox 616 1664 715 1711; x_wconf 72' lang='lat' dir='ltr'>tusses,</span> 
     </span>
     <span class='ocr_line' id='line_1_23' title="bbox 125 1714 778 1784; baseline 0.005 -17"><span class='ocrx_word' id='word_1_155' title='bbox 125 1714 320 1784; x_wconf 78' lang='lat' dir='ltr'>Excipiantque</span> <span class='ocrx_word' id='word_1_156' title='bbox 332 1733 411 1782; x_wconf 84' lang='lat' dir='ltr'>senes,</span> <span class='ocrx_word' id='word_1_157' title='bbox 424 1733 488 1784; x_wconf 86' lang='lat' dir='ltr'>quos</span> <span class='ocrx_word' id='word_1_158' title='bbox 499 1716 529 1768; x_wconf 90' lang='lat' dir='ltr'>in</span> <span class='ocrx_word' id='word_1_159' title='bbox 541 1716 641 1770; x_wconf 71' lang='lat' dir='ltr'>vivatis</span> <span class='ocrx_word' id='word_1_160' title='bbox 652 1717 763 1770; x_wconf 78' lang='lat' dir='ltr'>mittunt</span> <span class='ocrx_word' id='word_1_161' title='bbox 769 1735 778 1782; x_wconf 88' lang='lat'>;</span> 
     </span>
    </p>

    <p class='ocr_par' dir='ltr' id='par_1_18' title="bbox 125 1783 911 1924">
     <span class='ocr_line' id='line_1_24' title="bbox 125 1783 911 1839; baseline 0.001 -2"><span class='ocrx_word' id='word_1_162' title='bbox 125 1783 221 1838; x_wconf 87' lang='lat' dir='ltr'>Multis</span> <span class='ocrx_word' id='word_1_163' title='bbox 233 1785 336 1838; x_wconf 83' lang='lat' dir='ltr'>occulto</span> <span class='ocrx_word' id='word_1_164' title='bbox 348 1786 441 1839; x_wconf 80' lang='lat' dir='ltr'>erescit</span> <span class='ocrx_word' id='word_1_165' title='bbox 452 1803 493 1838; x_wconf 89' lang='lat' dir='ltr'>res</span> <span class='ocrx_word' id='word_1_166' title='bbox 504 1785 609 1839; x_wconf 85' lang='lat' dir='ltr'>ioenore.</span> <span class='ocrx_word' id='word_1_167' title='bbox 645 1785 746 1838; x_wconf 86' lang='lat' dir='ltr'>Verum</span> <span class='ocrx_word' id='word_1_168' title='bbox 879 1787 911 1838; x_wconf 88' lang='lat'>80</span> 
     </span>
     <span class='ocr_line' id='line_1_25' title="bbox 126 1853 692 1924; baseline 0.004 -18"><span class='ocrx_word' id='word_1_169' title='bbox 126 1853 190 1907; x_wconf 84' lang='lat' dir='ltr'>Esto</span> <span class='ocrx_word' id='word_1_170' title='bbox 201 1853 260 1907; x_wconf 77' lang='lat' dir='ltr'>aliis</span> <span class='ocrx_word' id='word_1_171' title='bbox 272 1854 336 1906; x_wconf 78' lang='lat' dir='ltr'>alios</span> <span class='ocrx_word' id='word_1_172' title='bbox 347 1853 425 1908; x_wconf 84' lang='lat' dir='ltr'>rebus</span> <span class='ocrx_word' id='word_1_173' title='bbox 437 1854 582 1924; x_wconf 84' lang='lat' dir='ltr'>studiisque</span> <span class='ocrx_word' id='word_1_174' title='bbox 594 1855 692 1908; x_wconf 83' lang='lat' dir='ltr'>teneri:</span> 
     </span>
    </p>

    <p class='ocr_par' dir='ltr' id='par_1_19' title="bbox 127 1922 810 2044">
     <span class='ocr_line' id='line_1_26' title="bbox 127 1922 810 2044; baseline 0.004 -70"><span class='ocrx_word' id='word_1_175' title='bbox 127 1923 211 1976; x_wconf 82' lang='lat' dir='ltr'>Iidem</span> <span class='ocrx_word' id='word_1_176' title='bbox 223 1922 314 1976; x_wconf 79' lang='lat' dir='ltr'>eudem</span> <span class='ocrx_word' id='word_1_177' title='bbox 326 1929 436 2044; x_wconf 53' lang='lat' dir='ltr'>ffissunt</span> <span class='ocrx_word' id='word_1_178' title='bbox 446 1923 538 1976; x_wconf 76' lang='lat' dir='ltr'>horem</span> <span class='ocrx_word' id='word_1_179' title='bbox 549 1925 644 1977; x_wconf 69' lang='lat' dir='ltr'>duxere</span> <span class='ocrx_word' id='word_1_180' title='bbox 655 1923 810 1993; x_wconf 71' lang='lat' dir='ltr'>probuntesi</span> 
     </span>
    </p>
   </div>
   <div class='ocr_carea' id='block_1_5' title="bbox 126 1987 810 2121">
    <p class='ocr_par' dir='ltr' id='par_1_20' title="bbox 126 1987 810 2121">
     <span class='ocr_line' id='line_1_27' title="bbox 126 1987 810 2059; baseline 0.003 -17"><span class='ocrx_word' id='word_1_181' title='bbox 126 1989 246 2044; x_wconf 86' lang='lat' dir='ltr'>“Nullus</span> <span class='ocrx_word' id='word_1_182' title='bbox 257 1991 286 2045; x_wconf 92' lang='lat' dir='ltr'>in</span> <span class='ocrx_word' id='word_1_183' title='bbox 298 2009 327 2046; x_wconf 87' lang='lat' dir='ltr'>or</span> <span class='ocrx_word' id='word_1_184' title='bbox 371 1989 443 2042; x_wconf 87' lang='lat' dir='ltr'>sinus</span> <span class='ocrx_word' id='word_1_185' title='bbox 454 1987 527 2041; x_wconf 78' lang='lat' dir='ltr'>Baiis</span> <span class='ocrx_word' id='word_1_186' title='bbox 539 1989 665 2057; x_wconf 82' lang='lat' dir='ltr'>praelueet</span> <span class='ocrx_word' id='word_1_187' title='bbox 677 1991 810 2059; x_wconf 84' lang='lat' dir='ltr'>umoenis,&#39;&#39;</span> 
     </span>
     <span class='ocr_line' id='line_1_28' title="bbox 126 2051 754 2121; baseline 0.01 -16"><span class='ocrx_word' id='word_1_188' title='bbox 126 2051 155 2105; x_wconf 83' lang='lat' dir='ltr'>Si</span> <span class='ocrx_word' id='word_1_189' title='bbox 167 2052 237 2106; x_wconf 86' lang='lat' dir='ltr'>dixit</span> <span class='ocrx_word' id='word_1_190' title='bbox 248 2053 329 2121; x_wconf 79' lang='lat' dir='ltr'>dives,</span> <span class='ocrx_word' id='word_1_191' title='bbox 341 2052 414 2106; x_wconf 79' lang='lat' dir='ltr'>lusus</span> <span class='ocrx_word' id='word_1_192' title='bbox 426 2058 453 2107; x_wconf 87' lang='lat' dir='ltr'>et</span> <span class='ocrx_word' id='word_1_193' title='bbox 464 2072 536 2108; x_wconf 75' lang='lat' dir='ltr'>mure</span> <span class='ocrx_word' id='word_1_194' title='bbox 548 2057 629 2111; x_wconf 79' lang='lat' dir='ltr'>sentit</span> <span class='ocrx_word' id='word_1_195' title='bbox 640 2075 754 2111; x_wconf 83' lang='lat' dir='ltr'>umorem</span> 
     </span>
    </p>
   </div>
   <div class='ocr_carea' id='block_1_6' title="bbox 126 2120 914 2679">
    <p class='ocr_par' dir='ltr' id='par_1_21' title="bbox 127 2120 665 2186">
     <span class='ocr_line' id='line_1_29' title="bbox 127 2120 665 2186; baseline 0.011 -13"><span class='ocrx_word' id='word_1_196' title='bbox 127 2120 288 2175; x_wconf 78' lang='lat' dir='ltr'>Festinuntis</span> <span class='ocrx_word' id='word_1_197' title='bbox 299 2122 371 2186; x_wconf 79' lang='lat' dir='ltr'>heri3</span> <span class='ocrx_word' id='word_1_198' title='bbox 389 2123 433 2175; x_wconf 88' lang='lat' dir='ltr'>cui</span> <span class='ocrx_word' id='word_1_199' title='bbox 445 2123 467 2176; x_wconf 89' lang='lat' dir='ltr'>si</span> <span class='ocrx_word' id='word_1_200' title='bbox 479 2124 573 2178; x_wconf 75' lang='lat' dir='ltr'>vitiosa</span> <span class='ocrx_word' id='word_1_201' title='bbox 584 2126 665 2179; x_wconf 89' lang='lat' dir='ltr'>libido</span> 
     </span>
    </p>

    <p class='ocr_par' dir='ltr' id='par_1_22' title="bbox 127 2188 773 2250">
     <span class='ocr_line' id='line_1_30' title="bbox 127 2188 773 2250; baseline 0.012 -8"><span class='ocrx_word' id='word_1_202' title='bbox 127 2188 230 2244; x_wconf 82' lang='lat' dir='ltr'>Fecerit</span> <span class='ocrx_word' id='word_1_203' title='bbox 241 2209 288 2244; x_wconf 77' lang='lat' dir='ltr'>sus</span> <span class='ocrx_word' id='word_1_204' title='bbox 307 2192 400 2245; x_wconf 82' lang='lat' dir='ltr'>isium:</span> <span class='ocrx_word' id='word_1_205' title='bbox 418 2209 474 2246; x_wconf 78' lang='lat' dir='ltr'>uras</span> <span class='ocrx_word' id='word_1_206' title='bbox 486 2194 644 2248; x_wconf 78' lang='lat' dir='ltr'>ferramenta</span> <span class='ocrx_word' id='word_1_207' title='bbox 656 2196 773 2250; x_wconf 71' lang='lat' dir='ltr'>Teanum</span> 
     </span>
    </p>

    <p class='ocr_par' dir='ltr' id='par_1_23' title="bbox 128 2209 759 2330">
     <span class='ocr_line' id='line_1_31' title="bbox 128 2209 759 2330; baseline 0.019 -22"><span class='ocrx_word' id='word_1_208' title='bbox 128 2257 241 2326; x_wconf 77' lang='lat' dir='ltr'>Tolletis,</span> <span class='ocrx_word' id='word_1_209' title='bbox 253 2209 328 2314; x_wconf 57' lang='lat' dir='ltr'>seiri.</span> <span class='ocrx_word' id='word_1_210' title='bbox 364 2261 459 2314; x_wconf 79' lang='lat' dir='ltr'>Lectus</span> <span class='ocrx_word' id='word_1_211' title='bbox 471 2263 581 2330; x_wconf 79' lang='lat' dir='ltr'>genialis</span> <span class='ocrx_word' id='word_1_212' title='bbox 592 2264 621 2316; x_wconf 90' lang='lat' dir='ltr'>in</span> <span class='ocrx_word' id='word_1_213' title='bbox 634 2265 696 2318; x_wconf 80' lang='lat' dir='ltr'>aula</span> <span class='ocrx_word' id='word_1_214' title='bbox 707 2273 759 2321; x_wconf 84' lang='lat' dir='ltr'>est:</span> 
     </span>
    </p>

    <p class='ocr_par' dir='ltr' id='par_1_24' title="bbox 126 2325 722 2401">
     <span class='ocr_line' id='line_1_32' title="bbox 126 2325 722 2401; baseline 0.023 -27"><span class='ocrx_word' id='word_1_215' title='bbox 126 2325 172 2375; x_wconf 88' lang='lat' dir='ltr'>Nil</span> <span class='ocrx_word' id='word_1_216' title='bbox 184 2327 223 2377; x_wconf 74' lang='lat' dir='ltr'>uit</span> <span class='ocrx_word' id='word_1_217' title='bbox 234 2345 289 2378; x_wconf 87' lang='lat' dir='ltr'>esse</span> <span class='ocrx_word' id='word_1_218' title='bbox 300 2330 380 2395; x_wconf 85' lang='lat' dir='ltr'>prius,</span> <span class='ocrx_word' id='word_1_219' title='bbox 392 2330 485 2383; x_wconf 85' lang='lat' dir='ltr'>melius</span> <span class='ocrx_word' id='word_1_220' title='bbox 497 2332 536 2383; x_wconf 90' lang='lat' dir='ltr'>nil</span> <span class='ocrx_word' id='word_1_221' title='bbox 548 2333 639 2387; x_wconf 81' lang='lat' dir='ltr'>soelibe</span> <span class='ocrx_word' id='word_1_222' title='bbox 651 2335 722 2401; x_wconf 80' lang='lat' dir='ltr'>vitn;</span> 
     </span>
    </p>

    <p class='ocr_par' dir='ltr' id='par_1_25' title="bbox 126 2391 696 2460">
     <span class='ocr_line' id='line_1_33' title="bbox 126 2391 696 2460; baseline 0.032 -21"><span class='ocrx_word' id='word_1_223' title='bbox 126 2391 155 2440; x_wconf 79' lang='lat' dir='ltr'>Si</span> <span class='ocrx_word' id='word_1_224' title='bbox 166 2407 220 2442; x_wconf 91' lang='lat' dir='ltr'>non</span> <span class='ocrx_word' id='word_1_225' title='bbox 231 2399 278 2458; x_wconf 86' lang='lat' dir='ltr'>est,</span> <span class='ocrx_word' id='word_1_226' title='bbox 286 2396 360 2460; x_wconf 77' lang='lat' dir='ltr'>jurat</span> <span class='ocrx_word' id='word_1_227' title='bbox 371 2397 437 2450; x_wconf 87' lang='lat' dir='ltr'>bene</span> <span class='ocrx_word' id='word_1_228' title='bbox 449 2399 509 2452; x_wconf 86' lang='lat' dir='ltr'>solis</span> <span class='ocrx_word' id='word_1_229' title='bbox 521 2417 575 2453; x_wconf 83' lang='lat' dir='ltr'>esse</span> <span class='ocrx_word' id='word_1_230' title='bbox 587 2403 696 2457; x_wconf 77' lang='lat' dir='ltr'>maritis,</span> 
     </span>
    </p>

    <p class='ocr_par' dir='ltr' id='par_1_26' title="bbox 127 2457 914 2612">
     <span class='ocr_line' id='line_1_34' title="bbox 127 2457 914 2533; baseline 0.036 -30"><span class='ocrx_word' id='word_1_231' title='bbox 127 2457 184 2533; x_wconf 68' lang='lat' dir='ltr'>Qun</span> <span class='ocrx_word' id='word_1_232' title='bbox 196 2463 299 2509; x_wconf 78' lang='lat' dir='ltr'>teneam</span> <span class='ocrx_word' id='word_1_233' title='bbox 311 2463 401 2516; x_wconf 79' lang='lat' dir='ltr'>vultus</span> <span class='ocrx_word' id='word_1_234' title='bbox 412 2473 561 2521; x_wconf 75' lang='lat' dir='ltr'>mutantem</span> <span class='ocrx_word' id='word_1_235' title='bbox 574 2471 669 2524; x_wconf 79' lang='lat' dir='ltr'>Protea</span> <span class='ocrx_word' id='word_1_236' title='bbox 679 2474 766 2528; x_wconf 85' lang='lat' dir='ltr'>nods&#39;i</span> <span class='ocrx_word' id='word_1_237' title='bbox 881 2481 914 2530; x_wconf 88' lang='grc'>90</span> 
     </span>
     <span class='ocr_line' id='line_1_35' title="bbox 128 2522 783 2612; baseline 0.043 -43"><span class='ocrx_word' id='word_1_238' title='bbox 128 2522 198 2582; x_wconf 79' lang='lat' dir='ltr'>Quid</span> <span class='ocrx_word' id='word_1_239' title='bbox 210 2527 325 2589; x_wconf 79' lang='lat' dir='ltr'>pauperi</span> <span class='ocrx_word' id='word_1_240' title='bbox 343 2529 422 2582; x_wconf 85' lang='lat' dir='ltr'>Ride:</span> <span class='ocrx_word' id='word_1_241' title='bbox 440 2542 529 2588; x_wconf 78' lang='lat' dir='ltr'>mutet</span> <span class='ocrx_word' id='word_1_242' title='bbox 541 2541 683 2608; x_wconf 81' lang='lat' dir='ltr'>eoennculs,</span> <span class='ocrx_word' id='word_1_243' title='bbox 695 2542 783 2612; x_wconf 76' lang='lat' dir='ltr'>lectus,</span> 
     </span>
    </p>

    <p class='ocr_par' dir='ltr' id='par_1_27' title="bbox 128 2586 711 2679">
     <span class='ocr_line' id='line_1_36' title="bbox 128 2586 711 2679; baseline 0.051 -44"><span class='ocrx_word' id='word_1_244' title='bbox 128 2586 234 2652; x_wconf 51' lang='lat' dir='ltr'>salnes,</span> <span class='ocrx_word' id='word_1_245' title='bbox 245 2595 366 2660; x_wconf 84' lang='lat' dir='ltr'>tonsores,</span> <span class='ocrx_word' id='word_1_246' title='bbox 379 2599 507 2654; x_wconf 81' lang='lat' dir='ltr'>conducto</span> <span class='ocrx_word' id='word_1_247' title='bbox 519 2608 623 2675; x_wconf 76' lang='lat' dir='ltr'>navigio</span> <span class='ocrx_word' id='word_1_248' title='bbox 637 2626 711 2679; x_wconf 81' lang='lat' dir='ltr'>aeque</span> 
     </span>
    </p>
   </div>
   <div class='ocr_carea' id='block_1_7' title="bbox 166 2656 817 2746">
    <p class='ocr_par' dir='ltr' id='par_1_28' title="bbox 166 2656 817 2746">
     <span class='ocr_line' id='line_1_37' title="bbox 166 2656 817 2746; baseline 0.06 -44"><span class='ocrx_word' id='word_1_249' title='bbox 166 2661 245 2706; x_wconf 50' lang='lat' dir='ltr'>¹ussat</span> <span class='ocrx_word' id='word_1_250' title='bbox 256 2672 286 2707; x_wconf 77' lang='lat' dir='ltr'>as</span> <span class='ocrx_word' id='word_1_251' title='bbox 298 2656 419 2728; x_wconf 80' lang='lat' dir='ltr'>locuples,</span> <span class='ocrx_word' id='word_1_252' title='bbox 431 2682 509 2733; x_wconf 89' lang='lat' dir='ltr'>quem</span> <span class='ocrx_word' id='word_1_253' title='bbox 522 2672 597 2729; x_wconf 89' lang='lat' dir='ltr'>ducit</span> <span class='ocrx_word' id='word_1_254' title='bbox 608 2679 684 2746; x_wconf 79' lang='lat' dir='ltr'>privs</span> <span class='ocrx_word' id='word_1_255' title='bbox 695 2681 817 2740; x_wconf 80' lang='lat' dir='ltr'>triremis.</span> 
     </span>
    </p>
   </div>
   <div class='ocr_carea' id='block_1_8' title="bbox 0 0 960 2886">
    <p class='ocr_par' dir='ltr' id='par_1_29' title="bbox 0 0 960 2886">
     <span class='ocr_line' id='line_1_38' title="bbox 0 0 960 2886; baseline 0 0"><span class='ocrx_word' id='word_1_256' title='bbox 0 0 960 2886; x_wconf 95' lang='lat' dir='ltr'> </span> 
     </span>
    </p>
   </div>
  </div>
 </body>
</html>
