1858 2874
220 93 423 150 CARMINUM
443 97 482 152 Il.
502 101 612 154 10-12.
777 110 809 163 41

97 192 148 246 lion
160 211 263 265 semper
274 197 347 252 idem
358 198 465 252 fioribus
477 205 517 252 est
529 201 611 254 honor
663 218 666 224 ·

96 261 180 316 Vernis
191 283 279 334 neque
290 283 345 319 uno
356 267 433 322 Luna
444 269 540 322 rubens
552 271 621 322 nitet
780 277 811 324 10

21 323 23 380 Γ
125 333 214 387 Vultu.
251 335 322 399 Quid
335 337 438 390 {eternis
450 338 578 391 minorem

156 403 277 456 Consiliis
289 405 409 458 animum
420 406 534 474 fatigas?

96 467 141 521 Gur
150 488 204 524 non
216 472 266 524 sub
278 473 335 526 alta
346 475 389 526 vel
400 475 508 544 platano
521 476 562 528 vel
574 475 625 530 hnc

96 536 158 590 Pinu
166 542 287 608 jacentes
299 543 336 594 sic
348 548 446 596 temere
458 551 485 598 et
496 561 555 598 rosa

125 607 205 662 <lenos
217 609 336 664 odoratie
346 612 462 681 capillos,

155 677 228 730 Dum
240 678 311 745 licet,
323 681 483 750 Assyriaque
494 683 577 737 nardo

95 743 212 799 Petamus
223 748 318 802 unctil
336 749 455 820 Dissipat
465 752 548 804 Euius

95 813 167 867 tinas
178 816 279 872 edaces.
316 818 380 882 Quis
392 837 458 889 puer
470 823 542 874 ocius

124 883 280 952 Restinguet
292 888 409 941 ardentis
421 889 528 943 Falerni

154 952 253 1006 Pocula
265 962 441 1023 praetereunte
453 959 580 1028 lympha?
776 969 809 1016 20

94 1018 151 1083 (liris
162 1022 271 1074 devium
283 1031 396 1078 scortum
410 1027 498 1081 eliciet
510 1029 586 1085 domo

94 1087 194 1156 Lyden?
212 1091 328 1161 Eburns,
341 1095 383 1148 dic
396 1113 452 1165 age,
465 1115 527 1150 cum
537 1099 597 1168 lyrs

124 1158 239 1214 Metnret
251 1162 281 1214 in
293 1169 427 1232 comptum
439 1166 556 1224 Incaenae

155 1228 229 1283 More
242 1247 329 1285 comes
340 1233 453 1302 religata
464 1237 571 1301 nedum.

161 1363 312 1420 GARMEN
328 1365 464 1422 xil—sn
477 1387 663 1431 unerrsrnu

95 1462 117 1514 li
118 1480 172 1519 curs
185 1467 266 1536 longa
277 1467 339 1521 ferre
351 1467 421 1522 bella
433 1471 584 1528 Numeniiae

94 1531 143 1586 Nec
154 1536 241 1588 dirum
254 1537 433 1592 Hannibalem
444 1558 493 1594 nec
506 1543 624 1597 Siculum
635 1562 708 1600 mere

94 1599 166 1656 Poeno
177 1623 341 1675 purpureum
355 1610 483 1676 sanguine
493 1613 617 1666 mollibus

154 1674 250 1742 Aptari
262 1675 370 1728 citharas
382 1679 474 1746 modis,

91 1737 140 1792 Nec
152 1759 232 1796 saeves
244 1744 371 1826 Lapithes
384 1752 410 1798 et
422 1749 535 1801 nimium
546 1768 617 1804 mero

92 1807 210 1876 Hyleum
222 1813 386 1882 domitosque
398 1816 530 1871 Herculea
540 1837 623 1872 manu

90 1876 196 1933 Telluris
204 1883 323 1951 juvenes,
335 1884 407 1937 unde
418 1887 565 1953 perieulum

153 1949 270 2018 Fulgens
282 1955 440 2006 contremuit
452 1954 544 2008 domus

89 2012 193 2071 Saturni
204 2021 316 2084 veteris;
333 2027 416 2090 tuque
428 2024 592 2092 pedestribus

86 2081 161 2138 Dices
173 2087 288 2142 historiis
301 2090 393 2158 proelis
406 2092 520 2160 Oaeseris,
773 2101 806 2151 10

86 2149 221 2226 Mesenen,
233 2158 327 2211 melius
338 2159 472 2230 ductaque
483 2179 531 2230 per
542 2163 598 2216 ries

152 2225 256 2294 Regem
268 2227 336 2281 colla
346 2229 498 2283 minacium.

84 2289 127 2347 Me
139 2293 231 2348 dulces
244 2296 355 2350 dominae
368 2297 447 2351 Musa
459 2298 602 2366 Licymniae

84 2360 190 2430 Cantus,
202 2381 246 2416 me
257 2365 342 2418 voluit
353 2367 439 2419 dicere
451 2367 571 2420 lucidum

84 2427 227 2500 Fulgentes
239 2433 326 2486 oculos
340 2439 367 2488 et
379 2433 445 2488 bene
457 2439 558 2489 mutuis

151 2500 251 2553 Fidum
263 2508 355 2570 pectus
367 2503 515 2568 emoribus;

356 2627 367 2650 ο
380 2615 467 2652 cdcrsts
