1908 2886
238 133 489 190 EPISTOLARUM
507 137 528 191 1.
550 140 589 203 17,
609 143 649 192 18.
787 141 838 192 213

51 227 94 282 Est
106 231 169 283 huis
182 231 315 285 diversum
327 236 392 288 vitio
404 237 500 290 vitium
512 256 592 309 prope
602 243 696 310 majus.

52 301 181 368 Asperitas
193 304 304 369 agrestis
316 312 343 357 et
354 305 512 360 inconcinna
524 311 670 380 gravisque,

52 368 110 430 Qaae
123 387 151 422 se
163 373 329 426 commendat
341 380 416 428 tonsa
428 383 496 444 cute,
509 379 632 432 dentibus
644 379 715 447 atris,

14 475 15 480 η
51 435 117 519 me
129 439 189 492 vult
201 440 308 494 libertas
320 443 373 496 dici
385 463 457 498 mera
468 464 581 516 veraque
592 450 683 503 virtus.

52 505 141 590 Virtus
152 516 192 561 est
203 511 321 563 medium
332 514 457 567 vitiorum
468 522 496 568 et
507 518 631 586 utrinque
642 520 789 574 reducam

51 577 121 659 Alter
132 596 163 630 ιιι
175 579 328 660 obsequium
340 583 400 651 plus
412 601 485 652 aequo
497 603 594 654 pronus
606 595 633 641 et
645 589 693 642 imi
806 593 839 644 10

14 689 16 724 ι
51 644 152 700 Derisor
164 647 227 700 lect1
239 666 276 701 sic
288 657 385 704 nutum
397 653 487 706 divitis
499 655 587 708 horret

14 725 16 792 l
51 715 88 768 Sic
99 717 182 769 iterat
194 735 268 770 voees
281 726 308 771 et
320 721 400 774 verba
412 723 534 777 cadentia
546 697 625 795 tollit,

14 835 15 862 3
51 783 83 836 Ut
95 803 209 855 puerum
221 804 288 840 saevc
300 788 389 842 credas
401 791 501 845 dictata
512 795 639 862 magistro

14 863 16 896 l
50 853 167 908 Reddere
178 856 221 908 vel
233 864 320 926 partes
331 860 442 912 mimum
454 867 567 916 tractare
579 865 711 921 secundas.

14 957 15 960 =
50 925 123 977 Alter
133 925 240 978 rixetur
251 926 284 979 de
295 927 358 980 lana
370 946 436 998 saepe
448 932 563 1000 caprina,

50 991 218 1063 Pmpngnat‘
228 999 306 1062 nugis
318 1004 434 1048 armatus
446 1015 451 1047 :
470 999 483 1024 ‘¹
493 995 606 1056 Scilicet,
618 999 714 1046 utnon

50 1062 86 1116 Sit
95 1063 166 1115 mihi
196 1064 263 1115 rima
275 1063 347 1125 fides,
356 1068 383 1116 et
395 1081 455 1116 rere
466 1065 535 1131 quod
548 1064 634 1131 placet
646 1069 743 1114 utnon

50 1133 151 1184 Acriter
161 1151 178 1184 e
204 1138 272 1183 trem
283 1128 310 1182 l'’
335 1131 453 1182 Pretium
466 1138 528 1182 aetas
541 1130 623 1182 altera
635 1129 727 1180 sordet.

51 1193 204 1260 Ambigitur
215 1193 280 1260 quid
292 1191 379 1243 enimi
398 1191 487 1242 Castor
499 1190 564 1240 sciat
576 1206 611 1241 an
622 1189 744 1241 Dolichos
756 1185 830 1256 plus;

52 1261 223 1316 Brundisium
236 1260 341 1313 Minuci
353 1260 446 1312 melius
458 1259 501 1311 via
513 1258 593 1310 ducet
604 1275 640 1310 an
652 1256 730 1325 Appi.
806 1258 839 1306 20

52 1334 137 1396 Quem
149 1331 273 1384 damnosa
286 1331 382 1395 Venus,
394 1345 473 1397 quem
484 1344 598 1396 praeceps
610 1327 668 1378 alee
679 1326 770 1392 nudat,

53 1403 141 1456 Gloria
153 1417 232 1470 quem
243 1417 322 1467 supra
335 1399 402 1450 vires
414 1404 441 1451 et
453 1398 533 1450 vestit
544 1404 571 1448 et
582 1395 667 1463 ungit,

53 1473 139 1536 Quem
150 1476 224 1522 tenet
236 1467 338 1536 argenti
350 1469 408 1519 sitis
419 1467 569 1534 importuna
580 1465 720 1532 famesque,

53 1543 140 1604 Quem
151 1537 314 1608 paupertatis
326 1537 410 1606 pudor
421 1543 448 1588 et
459 1537 529 1604 fuga,
542 1535 614 1588 dives
625 1535 726 1588 amicus

52 1610 129 1680 Saepe
141 1609 231 1660 decem
242 1607 314 1660 vitiis
326 1606 477 1658 instructior
489 1605 545 1658 odit
556 1610 583 1658 et
595 1605 689 1672 horret,

53 1681 117 1747 Aut,
132 1679 154 1730 si
166 1695 219 1731 non
231 1677 294 1744 odit,
305 1676 417 1744 regit,ac
429 1674 511 1728 veluti
523 1675 568 1744 pia
579 1683 662 1728 mater

53 1748 119 1802 Plus
134 1764 213 1816 quam
225 1765 251 1800 so
264 1763 353 1814 sapere
365 1753 392 1800 et
403 1745 545 1798 virtutibus
557 1762 611 1796 esse
623 1743 735 1812 priorem

52 1821 129 1886 Vult,
142 1827 169 1871 et
181 1819 219 1872 ait
230 1835 311 1887 prope
323 1834 399 1870 vera:
424 1816 512 1866 “Meae
524 1814 726 1867 -contendere
738 1813 792 1866 noli
803 1840 839 1856 -·

53 1887 206 1940 stultitiam
219 1887 358 1955 patiuntur
369 1901 444 1954 cpes;
462 1883 512 1936 tibi
523 1888 632 1952 parvula
643 1899 684 1934 res
695 1887 748 1932 eet:

53 1959 140 2010 Arcta
152 1956 226 2008 decet
238 1973 330 2008 sanum
342 1954 463 2007 comitem
473 1960 549 2020 toga3
566 1951 655 2004 desine
666 1966 769 2001 mecum
807 1949 842 1999 30

56 2027 190 2084 Genera?
226 2025 390 2094 Eutrapelus,
403 2023 551 2091 cuicunque
563 2037 654 2074 nocere
666 2015 776 2081 volebat,

55 2095 224 2148 Vestimenta
236 2095 317 2144 dabat
329 2092 454 2159 pretiosa:
473 2091 565 2141 beatus
578 2088 648 2140 enim
656 2086 713 2153 jam

55 2165 124 2218 (lum
137 2162 253 2230 pulchris
266 2160 363 2213 tunicis
375 2164 461 2212 sumet
473 2175 541 2210 nova
553 2155 660 2209 consilia
672 2159 698 2207 et
710 2170 776 2223 spes,

54 2231 178 2287 Dormiet
189 2232 218 2284 in
230 2231 323 2296 lucem,
337 2235 419 2282 scorto
431 2233 570 2296 postponet
582 2225 722 2277 honestum

56 2302 190 2369 Officium,
202 2317 322 2353 nummos
334 2299 431 2350 alienos
443 2303 539 2366 pascet,
552 2293 586 2348 ad
598 2295 679 2346 imum

56 2373 149 2425 Threx
161 2371 210 2422 erit
222 2375 271 2422 aut
282 2369 381 2420 olitoris
393 2373 454 2434 aget
466 2364 583 2418 mercede
596 2363 734 2417 caballum.

57 2442 196 2494 Arcanum
207 2455 291 2506 neque
303 2444 335 2490 tu
347 2435 502 2490 scrutaberis
514 2435 586 2487 illius
598 2451 729 2502 unquam;

58 2510 285 2576 Commissumque
297 2513 368 2574 teges
380 2512 407 2558 et
419 2505 481 2556 rino
492 2509 577 2556 tortus
589 2508 616 2554 et
628 2503 667 2554 ira

59 2581 117 2633 Nec
129 2585 177 2632 tua
188 2576 308 2631 laudabis
320 2575 407 2628 studia
418 2579 466 2625 aut
477 2572 563 2624 aliena
575 2570 721 2639 reprendes,

250 2665 259 2686 ⁰
271 2664 357 2711 rixam,
366 2662 387 2700 d.
397 2660 411 2698 l.
421 2671 439 2699 ι.
446 2659 532 2709 caprina
543 2658 669 2708 Propngnat,
