1858 2874
243 109 440 165 CARMINUM
459 110 513 166 111.
532 115 556 178 6,
576 113 599 166 7.

92 218 150 270 lion
161 217 204 270 lris
211 219 342 285 juventus
354 221 412 270 orte
422 214 576 285 perentibus

92 287 188 339 Infecit
200 303 289 355 equor
302 286 430 354 sanguine
442 285 550 352 Punico,

126 354 316 424 Pyrrhumque
327 361 355 407 et
366 355 501 422 ingentem
513 352 609 406 cecidit

158 424 323 477 Antiochum
336 423 565 491 Hannibalemque
576 422 664 476 <lirum
671 442 679 488 ;

91 492 141 546 sed
152 494 313 546 mstioorum
325 492 443 546 muscula
454 492 570 544 militum

91 561 185 630 Proles,
198 561 310 615 Sabellis
323 561 400 614 docte
411 561 544 628 ligonibus

123 631 235 684 Versere
247 631 337 698 glebas
349 637 376 683 et
389 647 485 682 sereres

159 699 256 753 Metris
267 699 302 752 ed
314 700 453 752 arbitrium
463 698 558 752 recisos

90 767 199 822 Portare
210 770 300 836 firstes,
313 768 351 822 sol
363 768 409 820 ubi
420 769 552 820 montium

89 837 211 891 Muturet
222 838 328 891 umbras
340 843 368 890 et
376 839 444 905 juge
455 837 573 890 demeret

121 906 210 960 Bobus
222 907 343 974 fatigetis
354 907 470 959 amicum

157 977 271 1044 'l'empus
283 993 364 1043 egens
375 975 489 1028 abeunte
501 991 586 1027 curru.

88 1044 221 1098 Damnosn
232 1044 297 1114 quid
308 1061 362 1097 non
373 1044 508 1096 imminuit
520 1043 593 1096 dies?

88 1113 163 1166 AEtes
174 1119 316 1183 parentum
328 1115 400 1182 pejor
411 1113 468 1175 evis
479 1112 544 1164 tulit

120 1183 175 1236 Nos
186 1183 330 1251 nequiores,
342 1199 405 1234 mox
417 1181 523 1234 daturos

156 1251 312 1320 Progeniem
323 1251 490 1305 vitiosiorem

297 1418 449 1472 GARMEN
466 1418 530 1472 VII.

155 1503 194 1541 sn
207 1503 346 1542 ssrnnrnrr
359 1503 443 1542 ωσι
455 1503 501 1541 sur
514 1502 667 1541 corrueris.

83 1596 160 1661 Qnrn
172 1596 227 1665 fles,
238 1596 349 1664 Asterie,
362 1613 440 1665 quem
453 1595 504 1648 tibi
516 1595 623 1650 candidi

83 1664 175 1718 Primo
186 1666 329 1718 restituent
341 1682 401 1718 vere
413 1664 524 1718 Favonii

117 1734 214 1804 Thyna
225 1751 311 1788 meroe
322 1733 438 1802 beetum,

155 1804 305 1857 Constantis
313 1806 442 1872 juvenem
452 1802 512 1871 fide,

81 1871 194 1941 Gygen?
230 1873 281 1926 Ille
292 1873 369 1926 Notis
380 1879 454 1925 ectus
467 1873 501 1925 ed
514 1871 621 1924 Oricum

80 1941 145 1994 Post
157 1942 252 1995 insane
265 1942 356 2023 Oeprae
369 1941 455 1994 sidero
465 1941 576 2010 frigidas

114 2010 214 2064 Noctes
226 2028 279 2063 non
292 2029 348 2064 srne
359 2010 452 2063 multis

153 2079 286 2133 Insomnis
297 2079 412 2133 lacrimis
424 2079 488 2146 egit.

77 2148 166 2217 Atqui
178 2149 297 2201 sollicites
309 2150 420 2202 nuntius
432 2147 551 2215 hospites,

76 2216 219 2286 Suspirure
232 2218 333 2272 Ohlo'eu
345 2225 372 2271 et
383 2218 505 2270 miserum
516 2215 570 2269 tuis

114 2286 213 2340 Dicens
225 2287 331 2355 ignibus
343 2287 393 2354 uri,
413 2342 417 2350 ,

150 2356 248 2409 'lentot
259 2356 332 2408 mille
344 2355 418 2409 veser
429 2353 520 2406 modis.

76 2425 119 2479 Ut
131 2424 250 2478 Proetum
261 2425 358 2478 mulier
369 2423 469 2493 perfida
481 2419 617 2474 credulum

74 2494 165 2549 Falsis
178 2494 215 2546 im
235 2493 314 2546 ulerit
326 2492 481 2546 criminibus
492 2489 572 2542 nimis

117 2562 194 2616 cesto
230 2559 405 2630 ellerophouti
555 2570 558 2576 '

150 2630 292 2683 Maturere
302 2643 396 2680 necem
406 2625 495 2677 refert

782 115 813 164 cl

778 703 813 752 40
