1866 2874
244 121 455 176 srrrnlaun
474 122 512 175 11.
532 125 555 188 4,
575 125 599 174 a.
771 120 821 170 175

33 212 122 266 Nudus
133 214 263 283 inopsque
275 217 382 270 domum
393 218 505 286 redeam,
518 225 544 272 te
557 225 624 286 vate,
636 237 721 290 neque
733 223 790 276 illle

32 281 83 334 Aut
93 284 320 352 apothecaprocis
332 287 433 338 intaeta
445 295 543 340 estant
555 307 648 357 pecus;
666 293 741 358 atqui

31 347 63 401 Et
73 368 158 418 genus
171 360 198 404 et
210 354 294 406 virtus
306 356 357 407 nisi
370 373 431 407 cum
442 373 471 408 re
483 357 559 408 vilior
570 358 631 425 alga
642 359 707 410 eet''

34 416 166 483 “Quando
177 423 331 492 pauperiem
342 423 428 474 missis
441 423 595 491 ambagibus
607 425 703 492 horres,

30 487 131 556 lotape,
143 505 197 555 qun
207 489 309 541 ratione
322 506 401 557 queas
413 489 545 542 ditescere
581 490 684 543 Turdus
784 496 817 544 10

31 553 86 608 Sive
97 557 173 608 aliud
184 558 290 624 privum
302 557 407 610 dabitur
419 559 476 623 tibi,
488 558 591 610 devolet
602 559 673 624 illuc,

32 623 77 677 Res
88 625 136 676 ubi
148 642 246 692 magne
257 627 333 691 nitet,
346 626 450 678 domino
463 643 523 678 sene
530 646 537 690 ;
555 627 643 679 dulcia
655 645 733 697 poma

32 691 61 744 Es
72 711 241 761 quoscunque
253 695 320 746 feret
332 695 419 747 cultus
431 695 480 746 tibi
492 696 591 747 fundus
603 696 712 749 honores

31 762 94 814 Ante
106 763 191 814 larem
204 771 293 829 gustet
306 764 477 816 venerabilior
490 765 543 816 lare
556 764 643 827 dives3

32 829 77 892 Qui
89 831 212 898 quamvis
223 833 342 898 perjurus
355 833 411 897 erit,
424 833 480 884 sine
492 840 577 900 gente,
591 840 715 886 ementur

31 896 160 967 Sanguine
172 899 295 965 fraterno,
307 901 444 968 fugitivus,
457 919 491 953 ne
503 911 592 953 tamen
603 901 643 952 illi

32 967 65 1021 lu
76 987 164 1022 comes
176 971 296 1034 exterior,
310 972 331 1022 si
345 972 467 1038 postulet,
479 973 518 1026 ire
529 971 654 1024 recuses.”

31 1037 119 1091 “Utne
131 1046 222 1106 tegam
234 1056 328 1106 spurco
340 1039 431 1092 Damae
443 1041 532 1092 latusl
550 1039 620 1091 haud
633 1039 671 1090 ita
683 1038 766 1106 Trojae

32 1103 68 1157 lle
79 1107 151 1174 gessi
163 1114 266 1159 certene
279 1125 379 1176 semper
390 1107 567 1160 melioribus.”
603 1107 695 1173 “Ergo

32 1172 128 1242 Pauper
136 1174 212 1228 eris.'’
228 1177 354 1228 “Fortem
363 1177 535 1228 hocanimum
544 1175 655 1228 tolerare
658 1174 773 1242 jubebo;
786 1177 820 1225 20

31 1239 62 1292 Et
73 1243 209 1310 quondam
221 1246 321 1311 majora
333 1246 390 1297 tuli.
427 1246 466 1297 'lu
478 1247 604 1314 protinus,
617 1243 687 1295 unde

30 1307 140 1362 Divitias
153 1313 263 1380 aerisque
275 1331 359 1378 ruam,
372 1314 415 1366 dic
428 1331 521 1380 augur,
534 1310 663 1365 aoe1·vos.'’

31 1377 112 1430 “Dixi
124 1381 248 1447 equidem
260 1389 288 1433 et
300 1383 374 1435 dico:
393 1393 481 1448 captes
494 1388 598 1433 astutus
610 1377 708 1444 ubique

30 1441 193 1498 Testamenta
205 1462 303 1511 senum,
316 1463 376 1510 neu,
386 1448 407 1496 si
419 1446 492 1497 vafer
505 1461 572 1496 unus
585 1450 612 1496 et
623 1444 691 1498 alter

6 1523 8 1530 ’
30 1511 209 1566 Insidiatorem
221 1531 331 1581 praeroso
343 1514 441 1580 fugerit
454 1514 538 1579 hamo,

29 1580 77 1634 Aut
89 1599 165 1648 spem
178 1582 292 1650 deponas
304 1588 351 1634 aut
363 1590 446 1634 artem
458 1582 551 1634 illusus
563 1581 677 1636 omittas.

29 1647 127 1718 llsgna
138 1651 256 1702 minorve
268 1651 323 1701 foro
336 1651 357 1701 si
369 1668 410 1702 res
422 1651 565 1702 certabitur
577 1651 647 1718 olim,

29 1715 103 1771 Vivet
115 1727 177 1770 uter
188 1719 303 1786 locuples
316 1720 371 1772 sine
382 1720 478 1786 gnatis,
490 1719 629 1786 improbus,
642 1718 712 1773 ultro

29 1785 72 1848 Qui
84 1787 222 1840 meliorem
234 1788 323 1840 audax
336 1796 410 1840 vocet
422 1788 450 1840 in
458 1789 511 1855 jus,
524 1787 595 1839 illius
608 1794 662 1840 esto

27 1851 151 1909 Defensor
158 1874 166 1918 ς
183 1857 254 1908 fama
266 1857 350 1907 civem
362 1873 493 1922 casumque
506 1857 617 1923 priorem
640 1924 646 1936 ·
779 1857 813 1908 :³0

27 1922 718 2062 taefflatas{thalassan
725 1992 816 2047 mn

26 2062 154 2116 Amn'culae
166 2092 203 2101 -
214 2063 279 2115 ‘tibi
291 2078 333 2113 me
345 2060 429 2112 virtus
441 2067 489 2112 tua
500 2061 563 2113 fecit
575 2061 708 2124 amicum;

27 2125 73 2180 tus
85 2144 185 2195 anceps
197 2127 265 2192 novi,
279 2143 370 2178 causas
382 2125 520 2177 defendere
532 2142 654 2193 possum

26 2192 126 2265 Eripiet
138 2196 226 2264 quivis
237 2195 326 2247 oculos
338 2195 416 2246 citius
428 2194 501 2259 mihi,
514 2211 594 2261 quam
607 2201 633 2246 te

26 2263 211 2332 contemptum
223 2281 296 2316 cassa
308 2279 374 2314 nuce
386 2269 512 2330 pauperet
519 2282 527 2326 ;
544 2263 600 2314 haec
612 2281 671 2315 mea
682 2280 745 2316 cura
757 2269 804 2330 est,

26 2330 61 2385 Ne
72 2335 140 2402 quid
152 2342 184 2386 tu
197 2331 296 2400 perdas,
309 2348 362 2382 neu
374 2331 408 2381 sis
416 2329 509 2397 jocus!
546 2330 589 2384 Ire
601 2332 708 2385 domum
720 2338 801 2400 atque

26 2399 180 2454 Pellieulam
192 2417 283 2453 curare
292 2399 372 2468 jube;
389 2399 407 2448 fi
421 2399 538 2466 cognitor
550 2399 618 2466 ipse:

25 2465 113 2522 Persta
126 2479 208 2536 atque
220 2469 327 2533 obdura,
340 2483 385 2518 seu
397 2467 477 2518 rubra
490 2467 614 2518 Canicula
626 2466 710 2520 findet

26 2535 143 2591 Infantes
156 2545 265 2603 statuas,
278 2553 324 2588 seu
337 2535 431 2603 pingui
443 2541 532 2586 tentus
545 2552 631 2587 omaso
779 2538 812 2588 40

26 2604 118 2660 Furius
131 2607 254 2659 hibernas
267 2622 333 2658 cana
344 2603 405 2656 nivo
418 2611 544 2672 conspuet
556 2603 642 2670 Alpes.
