1866 2874
77 91 111 144 70
391 82 548 136 HORATII

183 182 373 238 Denominetos
384 185 412 234 et
424 187 551 250 nepotum

217 252 268 305 Per
279 267 404 306 memores
416 267 500 318 genus
512 267 588 303 omne
599 250 681 304 festos
738 307 741 312 ,

148 321 262 374 Auctore
273 321 308 374 eb
319 321 365 374 ilio
377 320 452 373 ducit
463 320 598 386 originem,

149 391 201 456 Qui
213 390 378 442 Formiarum
388 389 486 442 moenie
498 389 596 440 dieitur

183 459 309 527 Princeps
321 465 348 511 et
358 459 497 510 innantem
508 457 614 510 Merioae

219 527 351 580 Litoribus
363 526 477 580 tenuisse
490 527 573 579 Lirim

148 596 214 650 Inte
226 603 368 666 tyrannus:
380 613 484 648 -cres
495 595 566 648 foliis
576 613 670 649 nemus
923 629 924 662 3

148 665 243 719 Multis
255 672 282 719 et
294 665 355 734 elge
365 665 430 717 litus
442 665 535 718 inutili
840 669 872 718 10

183 735 303 788 Demisse
314 740 456 803 tempestas
468 733 501 786 eb
513 733 583 787 Eum
923 727 924 774 i

218 805 330 870 Sternet,
342 820 418 872 equae
431 803 483 855 nisi
493 801 566 856 feiiit
577 819 662 870 augur

148 873 255 926 Annose
267 873 366 926 cornix.
400 872 473 924 Dum
484 874 560 940 potis,
572 874 676 926 aridum

148 943 279 1011 Compono
290 941 407 1008 lignum:
426 958 482 994 eros
495 941 608 994 Genium
618 955 690 993 mero

184 1010 293 1064 Curubis
305 1017 332 1063 et
343 1027 420 1078 poroo
433 1010 552 1063 bimestri

218 1079 284 1132 Cum
296 1078 403 1132 famulis
415 1096 524 1148 operum
535 1077 635 1132 solutis.

229 1286 379 1342 GARMEN
396 1286 573 1341 XVIII.-sn
586 1301 713 1340 rnurnx.

148 1409 255 1481 lusum,
267 1413 451 1483 Nympharum
462 1411 614 1480 fugientum
625 1416 734 1479 ametor,

148 1480 199 1533 Per
210 1499 280 1534 meos
292 1483 357 1534 fines
369 1488 397 1534 et
408 1481 497 1549 eprioa
508 1499 571 1534 rura

149 1548 227 1602 Lenis
238 1551 344 1604 incedes
356 1551 484 1619 abeasque
496 1551 584 1620 parvis

141 1685 143 1690 Ι
217 1618 319 1689 AEquus
331 1619 452 1687 alumnis,

148 1684 177 1740 si
189 1691 263 1740 tener
273 1687 352 1756 pleno
365 1689 436 1741 cedit
448 1689 539 1742 haedus
551 1705 628 1755 enno,

147 1753 234 1824 Imrgn
244 1773 293 1809 neo
305 1757 400 1810 desunt
413 1758 522 1812 Veneris
534 1759 618 1812 sodali

148 1823 218 1878 Vino
230 1831 344 1896 creterae,
355 1833 432 1881 vetus
443 1845 489 1882 em
500 1827 586 1880 multo

217 1895 314 1950 Fumat
326 1897 409 1950 odore.

146 1961 228 2016 Ludit
240 1965 348 2020 herboso
361 1982 441 2034 pecus
452 1981 529 2018 omne
541 1981 641 2034 compo,

147 2031 235 2096 Quum
246 2035 296 2087 tibi
308 2035 391 2088 Nonae
403 2033 515 2087 redeunt
527 2034 699 2100 Decembrem

146 2099 238 2154 Festus
250 2101 279 2155 in
338 2105 373 2156 tis
384 2108 461 2156 vocet
473 2103 555 2158 otioso

217 2171 284 2224 (ium
328 2190 360 2228 ve
372 2190 470 2241 pegus:

147 2238 222 2294 Inter
234 2241 346 2296 eudooes
357 2241 436 2310 lupus
448 2246 519 2295 erret
530 2258 627 2310 agnon

146 2307 254 2377 Spargit
265 2315 380 2378 agrestes
392 2311 442 2364 tibi
454 2312 520 2366 silve
531 2312 652 2375 frondes3

146 2377 250 2430 Gaudet
261 2379 375 2429 invisum
387 2380 518 2446 pepulisse
529 2380 612 2433 fossor

215 2445 265 2497 Ter
276 2444 343 2512 pede
354 2449 458 2500 terrem.
