1866 2874
137 129 188 180 142
458 130 615 182 HOltA'sll

132 227 239 281 Postera
250 227 299 281 lux
311 228 394 282 oritur
404 227 488 280 multo
500 227 663 295 gratissima;
680 244 797 297 namque

133 296 234 350 Plotius
246 305 273 349 at
286 297 380 350 Varius
393 297 521 349 Sinuessae
535 296 713 364 Virgiliusque
890 299 924 348 40

134 367 287 430 Occurrunt,
300 366 401 432 animae,
413 365 503 433 quales
514 381 599 432 neque
611 365 773 416 candidiores

133 434 212 487 Terra
223 434 287 485 tulit
299 450 383 502 neque
395 432 456 501 quis
468 450 510 484 mc
522 433 557 485 sit
569 432 713 484 devinctior
724 433 800 487 alter.

134 503 156 555 Ο
169 503 213 570 qui
225 501 376 569 complexus
388 507 415 553 et
427 501 525 569 gaudia
537 507 637 569 quanta
648 501 771 556 fuerunt!

133 569 180 622 Nil
192 587 239 638 ego
251 570 406 622 contulerim
414 570 533 638 jucundo
546 587 624 621 sanus
636 569 726 622 amico.

133 637 259 691 Proxima
272 638 403 707 Campano
415 639 490 706 ponti
500 655 558 758 pue
571 637 670 703 villula,
683 643 785 689 tectum

133 705 259 772 Praebuit,
272 713 298 758 et
310 707 417 774 parochi
429 724 488 775 quac
518 707 595 758 abent
607 706 680 773 ligna
692 706 831 775 salemque.

134 774 205 828 Hinc
217 775 283 827 muli
296 775 392 844 (lapuas
404 775 514 827 clitellas
526 781 642 843 tempore
687 781 763 828 nunt.

133 842 233 898 Lusum
245 845 267 896 it
279 844 415 909 Macenas,
428 844 572 896 dormitum
584 860 631 910 ego
668 843 838 912 irgiliusque;

134 911 254 981 Namque
265 912 320 980 pila
331 912 410 980 lippis
421 912 558 963 inimicum
570 919 597 964 et
608 912 698 964 ludere
711 913 806 966 erudis

134 980 206 1033 Hinc
218 998 264 1033 nos
277 980 377 1033 Oocceii
388 981 482 1048 recipit
494 981 644 1048 plenissima
656 981 726 1047 villa,
892 987 925 1034 50

135 1049 200 1113 Quae
213 1055 342 1117 superest
354 1049 437 1102 Caudi
449 1066 587 1117 cauponas.
623 1049 701 1101 Nunc
713 1050 780 1101 mihi
792 1051 887 1119 paucis

136 1117 268 1170 Sarmenti
279 1135 375 1170 scurrae
386 1135 504 1188 pugnam
517 1117 650 1186 Messique
662 1118 782 1184 Oiclrrhi,

134 1184 220 1254 Musa,
232 1186 310 1238 velim
322 1202 455 1253 memores,
468 1192 495 1238 et
507 1203 557 1254 quo
569 1193 644 1255 patre
656 1193 735 1239 natus
748 1193 860 1257 aterque

135 1255 281 1309 contulerit
293 1255 360 1308 lites.
395 1253 477 1308 Messi
489 1254 589 1307 clarum
600 1271 683 1322 genus
696 1255 770 1320 Osci;

135 1323 267 1378 Sarmenti
278 1323 384 1376 domina
395 1329 493 1376 exstat:
511 1322 545 1376 ab
556 1323 598 1375 his
609 1324 751 1391 majoribus
762 1325 815 1378 orti

135 1389 177 1442 Ad
190 1407 308 1458 pugnam
319 1405 419 1442 venere.
455 1389 530 1442 Prior
541 1389 710 1443 Sarmentus:
729 1390 822 1458 “loqui
834 1395 864 1445 te

134 1457 198 1510 Esse
210 1459 259 1512 ieri
271 1457 381 1511 similem
393 1457 475 1510 dico.’'
511 1457 643 1524 Ridamus,
655 1464 682 1509 et
693 1457 749 1526 ipse

135 1525 260 1578 Messius:
278 1525 405 1592 “Accipio
413 1524 555 1595 :'’-caput
566 1531 593 1577 et
605 1531 704 1578 moret:
723 1525 773 1592 “0,
781 1532 832 1581 tua
842 1545 927 1584 cornu

134 1593 170 1644 Ni
182 1595 249 1647 foret
261 1599 363 1646 exsecto
375 1593 469 1660 frons,”
481 1594 577 1662 inquit,
590 1594 604 1621 “
629 1593 676 1645 uid
687 1594 791 1661 faceres
804 1613 893 1666 quum

135 1660 176 1714 Sic
189 1663 299 1714 mutilus
310 1662 438 1713 miniteris
450 1661 476 1713 i’'
512 1667 548 1714 At
559 1662 600 1714 illi
611 1611 682 1714 iada
693 1662 805 1716 cicatrix
894 1670 928 1718 60

134 1727 325 1781 Setosamloevi
335 1729 449 1781 frontem
461 1735 613 1797 turpaverat
625 1731 682 1782 oris.
927 1747 928 1807 p

134 1796 298 1866 (lampanum
309 1797 337 1849 in
349 1797 476 1864 morbum,
488 1798 623 1850 infaciem
653 1799 767 1852 ermulta
775 1802 894 1870 jocatus,

134 1863 268 1917 Pastorem
281 1865 388 1918 saltaret
400 1866 443 1918 uti
455 1866 568 1934 Cyclopa
579 1817 701 1935 rogahat:
926 1907 927 1910 η

134 1932 179 1984 Nil
192 1933 232 1985 illi
244 1934 318 1986 larva
329 1940 377 1986 aut
389 1935 496 2002 tragicis
508 1952 573 2004 opus
585 1953 639 1988 esse
651 1937 794 1990 cothurnis.
926 1927 927 1999 i

133 2000 221 2054 Multa
234 2003 364 2054 Cicirrhus
376 2003 410 2054 ad
422 2003 492 2055 haec:
510 2003 638 2056 Donasset
646 2006 737 2072 jamne
748 2011 878 2061 catenam

133 2068 176 2122 lix
188 2077 247 2124 voto
259 2071 365 2138 laribus,
378 2072 528 2140 quaerebatl
563 2073 653 2125 Scriba
664 2074 733 2141 quod
744 2082 822 2143 esset,
925 2121 926 2130 ,

133 2137 255 2193 Deterius
267 2140 364 2192 nihilo·
376 2140 488 2192 dominae
497 2142 541 2208 jus
554 2158 615 2194 esse.
651 2141 772 2209 Rogabat
925 2133 926 2193 i

133 2205 260 2275 Denique,
273 2226 320 2260 cur
331 2226 449 2276 unquam
460 2210 578 2276 fugisset,
591 2210 635 2262 cui
647 2211 709 2263 satis
722 2229 777 2265 una

135 2274 221 2328 Farris
233 2277 300 2328 libra
311 2278 386 2343 foret,
399 2279 491 2345 gracili
503 2279 540 2330 sic
552 2285 659 2346 tamque
670 2280 784 2347 pusilloi

135 2342 241 2396 Prorsus
250 2347 368 2412 jucunde
380 2364 481 2399 coenam
493 2347 664 2415 produximus
676 2348 757 2400 illam.
899 2309 925 2406 'li

133 2410 274 2464 Tendimus
287 2414 349 2466 hinc
361 2423 433 2466 recta
445 2417 632 2481 Beneventum,
646 2416 691 2468 ubi
702 2417 812 2471 sedulus
824 2420 924 2492 hospes

134 2479 211 2531 Paena
222 2497 320 2532 macros
333 2484 396 2534 arsit
409 2483 472 2534 dum
485 2484 574 2535 turdos
586 2491 673 2536 versat
685 2485 714 2536 in
725 2485 800 2552 igni3
923 2487 924 2580 i

134 2545 203 2598 Nam
215 2563 282 2614 vaga
294 2564 339 2614 per
352 2555 466 2602 veterem
478 2552 578 2620 dilapso
589 2552 696 2606 flamma
707 2553 831 2612 culinam

332 2637 341 2655 ⁰
357 2634 430 2674 Nihilo
439 2637 528 2677 datarim
557 2639 623 2679 Nullo
632 2640 723 2681 detersas
