1866 2874
80 88 115 138 88
400 80 552 135 Hoasrn

188 186 287 253 Virtus,
299 201 384 255 neque
397 184 529 238 imbellem
539 185 638 238 feroces

222 255 399 324 Progenerant
412 253 508 322 aquilae
520 254 681 310 columbam:

151 323 279 377 Doctrina
290 323 335 377 sed
347 323 403 377 rim
413 328 549 390 promovet
561 323 669 375 insitam

153 391 281 460 Rectique
293 391 379 445 cultus
391 396 497 460 pectora
508 390 645 457 roborant;

186 459 328 528 Utcunque
339 460 456 514 defecere
467 476 558 525 mores,

221 528 391 582 indecorantl
402 528 468 580 bene
480 534 545 581 nata
556 528 648 597 culpae.

151 596 222 662 Quid
234 597 336 664 debeas,
347 614 363 650 o
375 597 466 662 Roma,
477 596 632 664 Neronibus,

149 664 234 718 'lestis
246 665 399 720 Metaurum
410 665 510 718 fiumen
521 670 549 718 et
561 664 713 719 Hasdrubal

185 733 311 787 Devictus
322 739 350 787 et
362 733 471 802 pulcher
483 734 583 802 fugatis

220 803 270 856 Ille
281 804 337 856 dies
348 802 424 856 Iatio
436 803 558 871 tenebris,

149 870 202 935 Qui
213 872 313 940 primus
324 871 395 924 elma
405 871 465 924 risit
476 871 578 938 adorea,

148 938 229 992 Dirus
240 957 287 1008 per
298 940 375 993 urbes
386 939 450 993 Afer
462 944 494 992 ut
507 941 589 994 Italus

183 1007 237 1060 Ocu
248 1008 355 1061 flemma
365 1025 412 1077 per
424 1009 506 1061 taedas
517 1009 560 1062 rel
572 1010 658 1062 Eurus

218 1075 269 1130 Per
280 1075 382 1130 Siculas
393 1078 523 1146 equitavit
534 1079 626 1133 undas.

149 1142 213 1197 Post
224 1145 274 1199 hoc
285 1145 406 1199 secundis
417 1163 501 1215 usque
513 1145 644 1201 laboribus

148 1211 267 1268 Romana
278 1215 360 1284 pubes
372 1215 456 1268 crevit
467 1221 495 1268 et
506 1215 588 1284 impio

184 1281 296 1338 Vastata
307 1284 448 1338 Poenorum
460 1283 581 1337 tumultu

217 1351 292 1406 Dana
303 1353 372 1406 Deos
383 1352 497 1406 habuere
508 1359 599 1422 rectos,

147 1419 275 1490 Dixitque
286 1422 395 1476 tandem
407 1422 522 1490 perfidus
534 1421 683 1475 Hannibal:

150 1492 165 1522 “
173 1495 256 1562 Cervi,
267 1495 391 1563 luporum
402 1494 492 1562 praetla
504 1495 646 1572 rapacium,
838 1496 871 1543 50

180 1560 318 1612 flectemur
330 1560 400 1613 ultro
420 1577 484 1627 quos
496 1577 599 1629 opimus

215 1626 318 1680 Fallere
329 1633 357 1681 et
369 1600 482 1696 elingere
493 1634 534 1682 est
546 1629 704 1699 triumphus.

146 1693 222 1762 (lens,
235 1711 293 1763 quae
305 1701 419 1750 cremato
430 1697 506 1750 fortis
518 1697 552 1751 ab
565 1698 615 1751 llio

145 1762 255 1817 Jactcta
267 1765 356 1818 Tuscis
369 1766 523 1834 aequoribus,
536 1782 615 1834 sacra,

178 1832 313 1902 Notosque
324 1840 491 1902 maturosque
521 1841 591 1888 atres

214 1901 329 1956 Pertulit
341 1902 470 1956 Ausonias
527 1903 613 1972 urbes,

142 1968 223 2024 Duris
235 1977 267 2025 ut
278 1972 332 2025 ilex
344 1977 420 2025 tonsa
431 1970 589 2040 bipennibus

142 2039 178 2094 Ni
245 2041 327 2094 feraci
338 2040 438 2093 frondis
449 2041 478 2092 in
490 2041 524 2092 Al
545 2041 594 2109 oo,

200 2127 229 2162 er
240 2110 343 2177 damna,
356 2126 403 2178 per
414 2109 525 2162 caedesa
552 2110 564 2161 i
583 2127 611 2164 eo

211 2177 293 2231 Ducit
305 2195 366 2247 opes
378 2178 547 2247 animumque
559 2129 635 2232 listro.
835 2183 870 2232 60

141 2245 202 2299 Non
214 2245 241 2299 H
261 2247 308 2299 dra
320 2253 390 2299 secto
402 2263 507 2314 corpore
518 2246 618 2300 firmior

141 2314 221 2367 Vinci
233 2264 366 2367 cll>lentem
377 2315 461 2368 crevit
471 2316 502 2367 in
514 2315 664 2384 Herculem,

176 2381 360 2434 Monstrumrc
372 2382 514 2434 submisere
527 2383 617 2436 colchi

210 2447 299 2514 Maius
312 2449 478 2502 Echioniaeve
490 2450 592 2504 Theba.

393 2584 537 2638 ¹decsconm
