1908 2886
264 96 474 152 SATIRARUM
493 100 533 153 ll.
553 104 576 153 7.
777 107 827 157 183

35 202 189 255 Alterennte
201 201 355 254 libidinibus
367 203 456 254 tremis
468 219 525 254 osse
536 219 638 270 peroro

36 271 104 333 Quid
116 272 207 337 refert,
219 273 268 338 uri,
281 272 361 339 virgis
373 273 492 338 ferroque
503 273 591 324 necari

35 341 197 393 Auctoratus
210 357 261 406 ess,
273 358 308 392 sn
319 341 391 408 turpi
403 341 507 393 clausus
518 342 547 392 in
559 357 626 409 eree,

1 461 2 470 ,
37 410 90 472 Quo
103 417 132 462 te
144 410 251 462 demisit
262 410 364 478 peceati
376 410 479 462 oonseio
491 410 586 476 herilis,
788 411 822 462 60

36 479 207 531 Contreetum
219 479 328 546 genibus
341 486 434 546 tangus
446 478 544 547 ceput?
579 480 660 532 Estne
671 479 765 532 morito

36 547 165 600 Matronae
178 550 310 616 peccantis
322 549 351 600 in
363 548 438 600 ambo
446 551 520 617 juste
531 549 662 617 potestesl

36 617 71 667 In
82 626 260 698 corruptorem
272 618 313 670 vel
322 619 425 686 justior.
461 618 512 670 lllu
524 624 613 671 temen
625 636 652 670 se

35 687 63 737 N
65 703 97 738 on
107 686 203 738 hebrtu
214 693 333 740 mutatve
345 688 408 753 loco,
420 695 543 756 peccatve
555 704 672 755 superne.

36 756 126 818 Quum
138 763 165 808 te
177 756 300 808 formidet
311 757 406 808 mulier
417 774 502 825 neque
514 757 604 809 credet
615 757 722 824 ementi,

36 824 93 877 Ibis
104 824 154 877 sub
165 825 268 878 finonm
280 826 393 894 prudens
405 827 561 895 dominoque
572 826 672 879 fruenti

37 895 190 946 Committes
199 912 255 947 rem
263 912 367 948 omnem
376 902 404 947 et
412 896 493 947 vitem
504 903 597 948 etcum
607 913 710 965 corpore
719 896 824 948 famem

36 963 144 1016 Everti:
162 964 245 1031 eredo,
257 971 376 1017 metuere
388 965 532 1034 doctusque
543 966 661 1030 cerebis3

37 1033 152 1100 Quoties,
164 1033 268 1101 quondo
280 1034 377 1086 iterum
407 1052 483 1087 oreos
495 1035 642 1104 iterumque
653 1035 738 1104 perire

37 1101 132 1170 Possis,
145 1119 160 1154 o
171 1103 248 1155 toties
260 1107 363 1158 servus!
383 1052 446 1167 guse
458 1103 547 1156 bellua
558 1104 651 1172 ruptis,
790 1105 824 1158 70

38 1173 126 1234 Quum
139 1171 217 1224 semel
229 1172 330 1240 effugit,
342 1173 428 1225 reddit
441 1191 468 1225 se
479 1190 560 1241 pravo
572 1174 689 1226 eotenisl

37 1242 116 1294 “Non
129 1259 187 1294 sum
199 1240 340 1306 moechus,’'
353 1244 398 1295 eis.
417 1242 509 1311 Neque
521 1260 576 1309 ego,
586 1242 697 1310 hercule,
707 1244 757 1308 fur,
766 1243 812 1295 ubi

36 1309 166 1364 Prsetereo
178 1312 279 1373 sopiens
291 1318 430 1378 argenteo:
448 1312 511 1364 tolle
522 1312 656 1380 periclum,
735 1309 812 1378 [vass

39 1379 57 1431 J
56 1397 102 1432 um
113 1396 183 1448 roge
194 1379 311 1448 prosiliet
323 1379 402 1431 frenis
415 1385 510 1432 natura
520 1380 632 1432 remotis.

39 1448 112 1501 l'une
123 1449 192 1500 mihi
203 1449 330 1515 domiuus,
342 1465 429 1501 rerum
440 1449 556 1518 imperiis
567 1449 753 1518 hominumque

39 1517 86 1571 'lot
99 1519 234 1587 tenusque
246 1519 337 1584 minor,
350 1535 428 1586 quem
440 1525 479 1572 ter
491 1518 608 1572 vindicte
620 1526 763 1589 quaterque

39 1587 166 1656 Imposito
177 1587 249 1640 haud
261 1605 378 1655 unquam
389 1588 483 1640 misero
495 1589 633 1642 formidine
645 1589 748 1658 privetl

40 1657 113 1708 Adde
126 1673 204 1725 super
214 1655 300 1722 dietis,
313 1657 380 1724 quod
393 1675 446 1709 non
457 1657 541 1709 levius
553 1659 653 1713 valent:
671 1676 734 1712 nem

40 1725 98 1778 Sive
111 1725 225 1779 vicarius
237 1734 284 1792 est,
297 1726 342 1794 qui
354 1743 426 1778 servo
438 1733 520 1794 peret,
532 1727 573 1779 uti
584 1745 639 1780 mos

40 1794 132 1848 Vester
139 1796 187 1863 eit,
193 1811 238 1848 seu
246 1812 399 1858 conservus;
411 1796 460 1847 tibi
468 1796 533 1863 quid
542 1797 671 1864 sumego‘l
684 1797 784 1864 Nempe
792 1798 825 1848 80

40 1863 84 1932 l'n,
97 1865 167 1916 mihi
178 1865 224 1933 qui
235 1865 377 1933 imperitas,
389 1865 436 1917 elii
448 1865 527 1918 servis
539 1867 617 1917 miser
628 1873 707 1934 atque

40 1933 148 1986 Dueeris
161 1940 192 1986 ut
203 1934 289 1986 nervis
302 1934 394 1986 olienis
405 1935 501 1986 mobile
513 1935 621 2002 lignum.

41 2003 168 2066 Quisnam
179 2003 262 2071 igitur
273 2002 356 2056 liberi
375 2003 490 2072 Sapiens,
503 2005 553 2056 sibi
564 2006 610 2072 qui
621 2004 782 2074 imperiosus,

41 2072 124 2135 Quem
129 2090 214 2140 neque
220 2074 356 2154 pauperies
361 2090 516 2142 nequemors
521 2090 606 2142 neque
611 2073 827 2138 vinculeterrent,

41 2141 730 2280 lit?tristitiis„ltltltttzltlttu

41 2278 153 2334 Externi
165 2297 198 2332 ne
211 2280 276 2349 quid
289 2281 375 2333 valeat
387 2281 501 2349 perleve
514 2283 616 2346 morari,

42 2348 73 2402 In
102 2367 166 2402 uem
177 2367 271 2402 manee
282 2349 337 2402 ruit
349 2367 449 2420 semper
461 2352 572 2404 fortuna.
611 2352 721 2406 Potesne

42 2368 137 2472 Erine
149 2424 181 2471 ut
193 2419 326 2488 proprium
338 2420 401 2487 quid
414 2421 535 2472 noscerel
571 2421 692 2489 Quinque
704 2421 804 2474 talentu

42 2485 129 2542 Poscit
141 2494 169 2541 te
181 2488 283 2553 mulier,
296 2494 375 2540 vexet
387 2489 538 2554 foribusque
550 2491 682 2557 repulsum
794 2489 829 2538 90

43 2555 183 2611 Perfundit
195 2557 289 2625 gelide,
301 2573 388 2608 rursus
401 2564 490 2617 vocet3
508 2558 579 2625 eripe
591 2557 663 2624 turpi

378 2645 386 2670 ι
402 2645 495 2678 metuens
