1866 2874
107 102 156 151 154
428 93 581 144 Hounrrr

104 198 244 250 Inventore
256 195 355 258 minor;
373 213 456 262 neque
469 213 517 261 ego
530 194 569 245 illi
582 194 718 245 detrahere
730 195 816 247 ausim

104 265 256 318 Haerentem
269 265 350 332 capiti
362 282 422 315 cum
435 265 520 314 multa
532 263 609 314 laude
622 280 749 315 coronam.

104 334 141 386 At
154 335 209 386 dixi
222 334 302 384 fluere
314 333 385 384 hunc
398 332 567 395 lutulentum,
581 349 648 398 saepe
661 332 791 382 ferentem
860 333 891 380 50

105 401 185 454 Plura
197 403 303 470 quidem
315 401 432 452 tollenda
443 400 629 466 relinquendis.
666 401 729 464 Age,
742 417 837 466 quaeso,

104 471 145 522 'lu
157 471 225 522 nihil
237 471 266 521 in
277 487 373 536 magno
386 469 478 521 doctus
490 468 657 534 reprehendis
671 467 803 519 Homerol

105 538 150 592 Nil
163 539 242 591 comis
255 539 347 604 tragici
360 544 447 589 mutat
460 537 576 587 Lucilius
588 535 670 587 Accii

104 607 130 659 N
131 625 164 659 on
176 607 244 658 ridet
257 623 345 658 versus
358 607 428 658 Enni
442 606 572 672 gravitate
584 605 703 670 minores,

106 675 194 738 Quum
207 676 239 727 de
252 692 278 726 se
291 675 408 741 loquitur
420 691 472 724 non
486 681 515 724 ut
527 675 624 739 majore
636 673 783 740 reprensisl

106 744 180 802 Quid
190 751 263 796 vetat
275 751 302 794 et
314 749 415 794 nosmet
428 742 512 793 Lucili
527 742 624 808 scripta
636 741 752 808 legentes

107 812 233 877 Quaerere,
246 829 310 862 uum
323 811 402 876 illius,
415 827 479 862 num
492 827 578 861 rerum
591 810 656 862 dura
668 810 772 877 negarit

107 880 253 933 Versiculos
266 887 360 931 natura
371 880 455 946 magis
468 880 550 930 factos
562 886 589 929 et
601 885 693 929 euntes

107 948 220 1013 Mollius,
234 966 264 1000 ac
277 949 298 1000 si
312 949 369 1015 quis
382 947 491 1015 pedibus
504 947 565 1013 quid
578 946 698 997 claudere
712 948 787 1012 senis,

107 1017 165 1068 Hoc
177 1023 283 1069 tantum
295 1023 440 1080 contentus,
453 1021 523 1066 amet
536 1015 666 1082 scripsisse
679 1015 805 1066 ducentos
864 1015 894 1062 60

107 1085 178 1136 Ante
191 1085 278 1136 cibum
290 1102 385 1149 versus,
399 1085 508 1136 totidem
521 1082 658 1135 coenatusi
672 1083 777 1134 Etrusci

108 1153 191 1216 Quale
203 1153 255 1204 fuit
268 1153 339 1204 Cassi
352 1153 443 1219 rapido
456 1153 600 1203 ferventius
613 1169 689 1202 amne

108 1221 256 1288 Ingenium,
269 1221 352 1288 capsis
365 1239 442 1288 quern
455 1221 526 1271 fama
539 1228 578 1270 est
591 1237 644 1270 esse
656 1219 782 1286 librisque

108 1290 267 1342 Ambustum
280 1291 397 1358 propriis.
433 1289 524 1340 Fuerit
537 1288 659 1353 Lucilius,
672 1288 788 1354 inquam,

110 1359 196 1410 Cernis
209 1367 235 1410 et
249 1359 370 1422 urbanus,
383 1358 463 1409 fuerit
476 1357 591 1407 limatior
603 1356 672 1406 idem

110 1426 197 1486 Quam
209 1427 282 1478 rudis
295 1434 321 1478 et
334 1427 431 1478 Graecis
444 1426 538 1476 intacti
551 1425 673 1476 carminis
686 1430 784 1491 auctor,

110 1494 245 1563 Quamque
257 1497 395 1562 poetarum
408 1495 539 1545 seniorum
552 1493 644 1555 turba;
664 1493 708 1544 sed
721 1493 774 1559 ille,

110 1562 138 1615 Si
149 1563 216 1614 foret
228 1563 277 1614 hoc
289 1570 407 1614 nostrum
419 1564 475 1614 fato
488 1563 585 1612 dilatus
598 1563 626 1612 in
639 1579 732 1626 oevum,

109 1630 245 1683 Detereret
257 1632 305 1682 sibi
317 1633 408 1696 multa,
421 1631 547 1683 recideret
560 1647 635 1682 omne
648 1630 718 1696 quod
730 1629 803 1681 ultra

110 1698 261 1750 Perfectum
273 1700 428 1766 traheretur,
441 1700 507 1750 etin
521 1716 596 1750 versu
609 1697 729 1749 faciendo
868 1697 898 1748 to

110 1767 185 1836 Saepe
197 1774 277 1836 caput
290 1768 412 1833 scaberet,
426 1768 497 1819 vivos
510 1773 537 1818 et
549 1767 651 1818 roderet
663 1783 773 1832 ungues.

111 1836 185 1904 Saepe
197 1837 287 1888 stilum
300 1843 393 1904 vertas,
405 1838 500 1888 iterum
513 1853 571 1903 quae
583 1836 664 1901 digna
676 1835 728 1900 legi
742 1835 803 1901 sint,

111 1905 268 1973 Scripturas,
282 1922 372 1970 neque,
386 1913 413 1956 te
425 1913 455 1956 ut
467 1905 577 1955 miretur
590 1903 675 1967 turba,
690 1902 799 1970 labores,

112 1974 255 2026 Contentus
268 1975 358 2042 paucis
370 1974 516 2026 lectoribus
552 1974 594 2024 An
607 1979 653 2023 tua
666 1972 773 2023 demens

112 2042 214 2094 Vilibus
227 2043 254 2094 iu
267 2043 336 2094 ludis
349 2043 443 2094 dietari
455 2043 571 2093 carmina
582 2040 675 2092 malisl

111 2109 240 2178 Noneg03
252 2128 314 2163 nam
323 2112 385 2162 satis
393 2117 432 2162 est
439 2110 625 2176 equitemmihi
631 2109 763 2177 plaudere,
770 2108 901 2169 utendax,

114 2179 276 2246 Contemptis
288 2180 353 2245 aliis,
366 2179 473 2247 explosa
485 2178 631 2229 Arbuscula
643 2176 720 2228 dixit.

112 2243 184 2298 Men'
196 2254 300 2298 moveat
312 2249 397 2300 cimex
410 2247 548 2314 Pantilius,
561 2253 609 2298 aut
621 2245 721 2296 cruciet
734 2246 804 2312 quod

113 2313 226 2366 Vellicet
238 2315 371 2368 absentem
383 2316 538 2379 Demetrius,
551 2322 599 2366 aut
611 2313 680 2381 quod
693 2309 800 2381 ineptiis

113 2380 231 2434 Fannius
244 2383 416 2450 Hermogenis
427 2385 506 2436 radat
518 2383 628 2434 conviva
640 2381 755 2448 Tigelli?
872 2383 904 2432 80

114 2448 217 2501 Plotius
229 2455 256 2500 et
269 2450 370 2516 Varius,
383 2453 512 2504 Maecenas
525 2451 711 2518 virgiliusque,

114 2515 224 2580 Valgius
237 2522 264 2566 et
276 2519 366 2582 probet
379 2521 434 2570 haec
447 2521 572 2571 Octavius
584 2521 699 2588 optimus
711 2525 793 2586 atque

115 2581 215 2634 Vuscus
227 2587 254 2633 et
265 2583 321 2634 haec
333 2586 436 2637 utinam
448 2587 585 2638 Viscorum
596 2588 688 2640 laudet
700 2592 828 2658 uterque!
