1908 2886
249 124 497 180 EPISTULARUM
516 125 555 178 ll.
573 129 597 178 2.
759 125 809 174 231

22 245 23 260 ¹
51 235 73 290 lit
82 241 265 309 tempestivum
277 242 364 301 pueris
377 240 516 292 concedere
528 240 630 304 ludum,

51 309 76 361 lc
84 330 136 365 non
148 312 227 366 rerba
240 313 313 381 sequi
324 313 420 364 fidibus
432 313 592 366 modulanda
605 314 713 380 latinis,

50 377 83 432 Sed
95 398 162 435 verae
174 399 345 450 numerosque
357 382 496 451 modosque
509 383 621 436 ediscere
633 383 702 434 vitre.

50 447 160 510 Quocirca
172 468 275 504 mecum
287 451 379 519 loquor
390 452 447 504 haec
459 452 609 520 tacitusque
620 451 752 506 recordor:

49 514 209 573 lilibitana
222 521 294 572 sitim
306 520 394 573 finiret
406 521 481 590 copia
492 521 616 591 lymphae,

41 585 158 642 ,lunares
169 590 292 644 medicis:
311 591 380 658 quod
393 596 491 658 quanto
503 592 580 660 plura
592 589 698 660 parasti,

22 677 23 700 a
48 653 116 710 lanto
129 658 205 727 plura
218 660 300 728 cupis,
311 660 413 712 nulline
425 660 532 713 faterier
543 660 640 714 audesi

47 723 64 777 ti
73 728 170 781 vulnus
182 728 232 780 tibi
243 735 388 782 monstrata
399 730 487 782 radice
499 730 540 783 vel
552 729 633 784 herbe

45 792 91 849 llon
102 797 178 849 fieret
190 797 281 866 levius,
293 799 396 866 fugeres
408 800 495 852 radice
506 800 549 853 rel
561 798 641 852 herba
762 804 813 854 150

44 860 189 919 Proficiente
200 867 268 920 nihil
281 869 401 921 curarier.
437 869 571 936 Audieras,
584 869 628 921 cui

45 931 99 988 Rem
111 936 148 988 Di
161 936 296 1004 donarent,
308 937 349 989 illi
362 938 484 991 decedere
496 956 604 1007 pravam

43 1002 196 1070 stultitiam
214 1011 248 1073 et,
261 1023 343 1074 quum
356 1008 390 1059 sis
402 1007 485 1060 nihilo
498 1009 645 1078 sapientior,
658 1025 756 1078 exque

43 1069 139 1126 Plenior
152 1093 186 1142 es,
198 1081 288 1127 tamen
299 1076 381 1128 uteris
393 1077 565 1130 monitoribus
577 1077 678 1131 isdemi

43 1142 66 1195 lt
79 1145 101 1196 si
114 1144 214 1196 divitiae
227 1145 384 1214 prudentem
395 1147 502 1209 reddere
514 1152 626 1216 possent,

42 1209 59 1263 n
70 1213 198 1282 cupidum
210 1215 385 1283 timidumque
397 1217 485 1268 minus
497 1222 531 1284 te,
543 1233 637 1286 nempe
648 1215 761 1286 rubores,

42 1277 139 1342 Viveret
151 1283 180 1335 in
192 1284 267 1336 terris
280 1289 306 1336 te
319 1285 341 1335 si
353 1285 411 1353 quis
424 1286 527 1338 avarior
538 1303 597 1339 uno.

41 1348 58 1403 ti
71 1353 207 1421 proprium
219 1361 265 1419 est,
278 1353 348 1420 quod
362 1355 419 1422 quis
432 1353 499 1408 libra
510 1360 641 1407 mercatur
652 1359 679 1408 et
692 1371 749 1424 scre,

56 1422 165 1487 uadem,
179 1423 200 1474 si
213 1423 296 1475 credis
308 1424 441 1491 consultis,
453 1425 588 1493 mancipat
599 1442 677 1489 usus;

23 1515 24 1540 l
55 1492 81 1543 ui
94 1498 121 1543 te
134 1492 218 1559 pascit
231 1509 299 1560 ager,
312 1498 374 1544 tuus
387 1500 433 1560 est,
446 1500 473 1546 et
485 1494 589 1546 villicus
602 1494 671 1562 Orbi,
764 1497 815 1548 160

53 1579 119 1613 uum
133 1566 232 1628 segetes
244 1569 318 1613 occat
330 1561 379 1614 tibi
390 1579 452 1615 mox
464 1564 597 1616 frumenta
609 1563 722 1632 daturas,

38 1626 64 1681 le
77 1630 215 1682 dominum
228 1632 315 1684 sentit.
352 1631 405 1684 Das
418 1650 545 1700 nummos,
557 1634 653 1704 accipis
665 1652 752 1702 uvam,

37 1695 128 1765 Pullos,
142 1715 198 1766 ova,
210 1700 305 1753 cadum
317 1702 420 1754 temeti:
438 1719 532 1771 nempe
543 1703 619 1756 modo
631 1704 682 1756 istc

35 1764 177 1820 Paullatim
189 1769 309 1822 mercaris
322 1787 415 1837 agrum
426 1772 535 1824 fortasse
547 1774 670 1826 trecentis

23 1837 86 1900 ,lue
99 1839 181 1890 etiam
194 1856 272 1906 supra
284 1856 449 1892 nummorum
462 1841 568 1893 milibus
580 1849 706 1911 emptum.

34 1906 101 1970 Quid
113 1908 202 1974 refert,
214 1909 287 1961 vivas
299 1915 437 1962 numerato
449 1928 534 1979 nuper
545 1928 580 1963 an
591 1911 671 1965 olimi

32 1973 143 2046 Emptor
155 1977 256 2029 Aricini
268 1978 400 2046 quondam
413 1979 530 2032 Veientis
542 1987 569 2033 et
581 1980 637 2033 arri

31 2043 161 2115 Emptum
172 2053 259 2098 coenat
271 2047 334 2114 olus,
348 2049 466 2116 quamvis
478 2050 659 2118 aliterputat3
676 2049 771 2117 emptis

31 2113 84 2166 Sub
96 2121 203 2168 noctem
214 2116 329 2184 gelidam
341 2117 420 2184 lignis
433 2118 572 2172 calefactat
584 2121 694 2184 aenum3

30 2183 79 2236 Sed
92 2191 265 2253 vocatusque
278 2203 360 2250 suum,
374 2204 425 2255 qua
437 2188 550 2256 populus
562 2187 647 2240 adsita
659 2189 736 2241 certis
764 2190 815 2243 170

30 2251 173 2306 limitibus
185 2255 272 2307 vicina
283 2256 382 2324 refugit
391 2258 495 2325 jurgia;
514 2263 649 2325 tamquam

29 2321 69 2375 Sit
82 2323 220 2393 proprium
233 2325 383 2393 quidquam,
396 2333 494 2394 puncto
507 2327 575 2395 quod
587 2326 690 2380 mobilis
701 2328 772 2382 horse

28 2391 52 2443 N
53 2410 108 2445 unc
120 2410 205 2461 prece,
212 2411 283 2446 nunc
296 2395 388 2462 pretio,
397 2412 466 2447 nunc
479 2397 513 2463 vi,
522 2413 593 2448 nunc
604 2403 815 2468 mortesuprema

28 2460 168 2514 Permutet
180 2463 297 2515 dominos
310 2469 337 2516 et
349 2464 425 2516 cedat
436 2465 464 2515 in
477 2465 559 2518 altera
568 2468 635 2535 jura.

24 2530 71 2584 ,Sic
83 2532 150 2601 quia
162 2539 303 2601 perpetuus
315 2533 383 2584 nulli
395 2533 474 2586 datur
486 2553 548 2587 usus
560 2543 587 2587 et
599 2536 673 2589 heres

31 2599 163 2653 'leredem
175 2601 283 2654 alterius
296 2602 369 2655 velut
381 2603 452 2655 unda
465 2605 615 2673 supervenit
627 2606 733 2674 undam,

61 2671 100 2722 rid
114 2671 167 2722 vici
179 2676 288 2739 prosunt
300 2677 347 2723 aut
359 2671 468 2724 horreal
486 2673 583 2740 quidve
596 2674 710 2726 Calabris
