1866 2874
401 113 554 168 nortun

156 216 288 282 Quietiore
300 234 347 269 nec
359 218 460 270 feratur
471 233 580 286 aequore,

190 287 277 351 Quam
290 287 368 340 Graia
380 288 509 339 victorum
522 304 622 351 manus,

156 356 243 420 Quum
255 356 343 408 Palles
356 362 413 408 usto
426 357 506 408 vertit
517 357 584 408 irem
595 356 629 408 ab
642 356 693 409 llio

192 423 226 476 ln
238 425 347 493 impiam
359 424 447 492 Ajecis
458 432 549 478 retem.

158 493 180 546 0
192 501 307 614 *uentus
319 495 402 546 instat
413 495 511 546 navitis
523 493 602 546 sudor
613 493 667 546 tuis

214 563 301 630 ibique
313 563 397 630 pallor
408 563 496 614 luteus

156 631 192 684 Et
204 631 251 682 illa
262 647 315 683 nou
327 632 410 684 virilis
423 633 538 699 ejulatio,

192 699 284 752 Preces
296 706 323 752 et
335 718 455 752 aversum
467 702 501 753 ad
514 702 533 754 J
534 718 615 766 ovem,

158 768 249 822 Ionius
263 769 313 821 udo
326 787 408 836 quum
420 772 569 837 remugiens
582 771 654 822 sinus

193 838 262 891 Noto
273 839 389 890 carinam
401 841 514 907 ruperit!

159 907 254 976 Opima
266 908 335 974 quod
348 908 370 959 si
382 910 471 976 praeda
483 926 563 961 curvo
575 909 652 961 litore

195 977 316 1028 Portenta
329 993 429 1044 mergos
438 979 547 1045 juveris,

158 1044 324 1099 Libidinosur
335 1045 515 1098 immolabitur
527 1064 605 1116 caper

192 1114 229 1167 Et
240 1131 310 1183 agna
321 1115 537 1184 Tempestatibus.

269 1345 418 1400 CARMEN
434 1345 556 1400 XL—un
570 1361 701 1400 rrrrmu.

161 1471 257 1539 Picum,
268 1473 337 1526 nihil
348 1489 391 1525 me
403 1473 470 1526 sicut
483 1478 562 1526 antea
570 1475 649 1541 juvat

195 1541 313 1594 Scribere
324 1543 472 1606 versiculos,
485 1561 571 1594 amore
584 1559 735 1610 percussum
747 1540 832 1609 gravi,

166 1611 262 1674 Amore,
275 1611 321 1678 qui
333 1629 375 1663 me
387 1623 482 1678 praeter
494 1629 582 1662 omues
595 1612 696 1678 expetit

198 1677 321 1730 Mollibus
334 1681 361 1730 in
375 1681 461 1748 pueris
474 1689 521 1732 aut
534 1682 561 1731 in
575 1681 668 1748 puellis
682 1696 764 1732 urere.

163 1747 215 1800 Hic
228 1749 321 1799 tertius
335 1750 483 1813 December,
497 1768 530 1800 ex
543 1769 592 1817 quo
605 1750 694 1800 destiti
924 1744 925 1780 t

198 1817 307 1868 Inachia
319 1818 411 1882 furere,
425 1819 497 1869 silvis
510 1819 632 1869 honorem
646 1819 754 1869 decutit.

162 1885 224 1938 Heu
236 1903 285 1949 me,
298 1903 345 1954 per
358 1887 454 1942 urbem,
468 1905 529 1938 nam
543 1889 624 1954 pudet
637 1889 705 1938 tanti
718 1888 792 1948 meli,

198 1955 299 2006 Fabula
312 1963 412 2022 quauta
424 1955 479 2010 fui!
499 1957 682 2008 Conviviorum
695 1962 722 2007 et
735 1957 865 2024 poeuitet3
922 1971 923 2024 p

163 2024 196 2077 In
209 2024 268 2092 quis
280 2031 413 2076 amantem
426 2024 536 2091 languor
548 2033 574 2077 et
587 2025 721 2077 silentium

198 2093 294 2160 tinguit
306 2101 333 2144 et
346 2092 426 2143 latere
439 2095 537 2160 petitus
550 2095 602 2145 imo
615 2095 728 2162 spiritus.
856 2096 886 2144 10
921 2093 922 2148 l

163 2163 293 2215 Contrane
306 2162 407 2212 lucrum
420 2163 458 2212 nil
472 2164 557 2215 valere
569 2164 712 2214 candidum
920 2177 921 2180 ’

198 2231 324 2298 Pauperis
338 2231 489 2297 ingeniumt
508 2233 634 2300 querebar
645 2233 786 2301 applorans
800 2230 863 2294 tibi;
920 2195 921 2270 l

164 2299 248 2352 Simul
260 2299 370 2351 calentis
383 2300 572 2353 inverecundus
585 2303 657 2354 Deus

200 2367 347 2416 Fervidiore
359 2384 429 2418 mero
442 2386 537 2422 arcana
549 2375 682 2438 promorat
694 2370 759 2422 loco,

166 2433 272 2495 Quodsi
285 2433 349 2481 meis
361 2434 482 2488 inoestuet
495 2440 642 2505 praecordiis

201 2499 294 2549 Libera
306 2499 373 2565 bilis,
386 2507 417 2552 ut
429 2503 484 2555 heec
497 2507 601 2572 ingrata
614 2507 700 2560 ventis
714 2506 820 2560 dividat

167 2565 295 2617 Fomenta
306 2567 402 2618 vulnus
414 2570 452 2620 nil
464 2573 564 2624 melum
576 2575 701 2640 levantia,

202 2631 311 2684 Desinet
322 2633 465 2702 imparibus
478 2647 576 2693 certare
589 2651 738 2697 summotus
752 2645 844 2715 pudor.
