1866 2874
261 104 472 160 SATIRARUM
492 103 530 156 11.
547 107 572 155 3.
765 105 810 156 17]

4 221 5 228 1
31 195 139 264 AEgrum
151 215 186 250 ex
198 201 337 268 praecipiti,
349 209 434 255 mater
446 203 529 254 delira
540 203 644 256 necabit

32 264 60 315 ln
71 267 161 332 gelida
173 267 257 320 fixum
268 270 327 337 ripa
338 271 484 339 febrimque
495 272 609 338 reducet,

31 332 119 392 Quone
133 335 202 387 malo
214 345 328 390 mentem
342 341 483 392 concussa?
518 342 622 392 Timore
634 338 764 394 Deorum?

32 401 94 455 Haec
106 405 175 456 mihi
188 405 336 470 Stertinius,
349 409 498 475 sapientum
510 417 624 470 octavus,
637 410 721 462 amico

31 471 107 525 Arma
120 472 202 537 dedit,
215 475 324 541 posthac
336 493 369 528 ne
381 478 549 544 compellerer
561 479 670 532 inultus.

30 538 131 594 Dixerit
144 543 267 594 insanum
296 547 325 596 ui
336 562 385 610 me,
398 546 507 597 totidem
520 547 610 598 audiet
622 553 702 614 atque

32 607 165 676 Respicere
178 609 268 674 ignoto
279 561 363 662 lineet
375 611 517 678 pendentia
530 615 626 680 tergo.”

31 676 44 700 “
52 676 145 742 Stoice,
157 684 217 744 post
229 677 354 729 damnum
366 680 403 730 sic
415 681 512 731 vendes
524 680 612 732 omnia
624 680 714 748 pluris,
766 685 818 734 300

31 745 83 807 Qus
91 763 136 797 me
149 746 272 812 strutitia,
285 748 408 814 quoniam
420 753 524 799 nonest
536 765 619 814 genus
631 765 722 814 unum,

31 811 148 866 lusanire
161 814 260 881 putasl
296 816 352 882 Ego
364 833 426 867 nam
439 816 527 868 videor
539 817 605 868 mihi
619 817 722 868 senus.'’

30 882 126 948 “Quia
140 891 222 950 caput
233 883 375 936 abscissum
387 884 508 935 manibus
520 902 603 952 quum
649 891 703 938 rtat
715 886 806 953 Agave

31 951 104 1003 (luat-i
116 951 240 1016 infelicis,
253 952 303 1003 sibi
315 961 372 1004 turn
384 952 483 1004 furiosa
494 954 599 1004 videtur
630 952 636 972 ’

31 1021 167 1072 “Stultum
179 1037 221 1072 me
233 1020 323 1084 fateor,
335 1021 414 1072 liceat
427 1021 566 1072 concedere
579 1021 653 1086 veris,

30 1090 111 1156 loque
124 1088 207 1140 etiam
218 1089 341 1140 insenum
354 1107 360 1150 ;
379 1095 484 1141 tanturn
496 1090 545 1140 hoc
557 1089 674 1153 edissere,
688 1105 740 1156 quo
752 1105 794 1140 me

29 1156 164 1222 AEgrotare
195 1165 253 1208 utes
265 1157 348 1208 animi
360 1157 424 1208 vitio
434 1156 460 1208 l’'
491 1159 505 1184 ‘⁴
513 1158 626 1224 Accipe:
645 1158 760 1225 primum

30 1222 160 1288 AEdilicas,
172 1174 222 1274 lloc
234 1230 282 1287 ost,
293 1223 384 1290 longos
396 1224 515 1289 imitaris,
528 1225 561 1277 ab
574 1225 626 1276 inro

28 1291 64 1342 Ad
76 1308 212 1344 summurn
224 1297 296 1342 totus
308 1292 408 1344 moduli
419 1293 555 1361 bipedalis,
568 1300 595 1344 et
607 1293 678 1344 idem

29 1359 135 1428 Corpore
148 1361 274 1427 majorem
286 1360 354 1412 rides
367 1361 493 1412 Turbonis
506 1362 534 1412 iu
546 1362 625 1412 armis
763 1363 815 1413 310

28 1427 155 1496 Spiritum
168 1435 195 1479 et
207 1429 350 1480 incessum:
369 1429 415 1495 qui
427 1430 554 1482 ridiculus
565 1431 652 1482 minus
664 1427 727 1482 illoi

28 1497 65 1549 An
77 1498 256 1567 quodcunque
267 1498 332 1550 facit
344 1498 480 1560 Maecenas,
493 1506 520 1551 te
533 1516 635 1566 quoque
647 1515 738 1550 rerum
750 1502 790 1550 est

27 1565 140 1619 lantum
153 1565 307 1618 dissimilem
319 1573 346 1619 et
358 1572 433 1618 tanto
445 1575 544 1619 certare
555 1567 698 1621 minoreml

27 1635 148 1688 Absentis
161 1651 231 1686 ranae
243 1634 322 1701 pullis
335 1635 413 1687 vituli
426 1637 491 1703 pede
503 1637 603 1703 pressis,

27 1702 97 1756 Unus
111 1703 159 1754 ubi
172 1703 272 1770 effugit,
284 1705 363 1755 matri
375 1704 504 1768 denarrat,
517 1711 548 1756 ut
560 1705 653 1772 ingens

26 1770 118 1824 Bellus.
130 1778 256 1838 cognatos
268 1772 372 1824 eliserit.
409 1772 460 1824 Illa
471 1790 575 1840 rogare:

26 1837 196 1899 ‘Quantanel
213 1854 278 1887 num
287 1839 408 1901 tantum,'
416 1838 522 1890 sufflans
530 1856 563 1902 sc,
572 1840 689 1904 ‘magna1
699 1837 791 1890 fuisset
799 1839 818 1892 l’

26 1905 125 1974 ‘Major
138 1905 265 1957 dimidio'
299 1906 384 1956 ‘Num
397 1906 499 1958 tentol'
524 1907 612 1969 Quum
624 1907 707 1972 magis
719 1913 799 1974 atque

26 1973 55 2025 Se
66 1969 156 2041 magis
169 1973 273 2025 inflaret
284 1993 290 2036 ;
309 1975 347 2024 ‘N
350 1992 390 2037 on,
403 1976 425 2026 si
438 1985 464 2026 te
476 1975 593 2042 nuperis,'
606 1975 700 2039 inquit,

25 2043 87 2095 ‘Par
100 2040 172 2094 eris.'
204 2043 268 2094 Haee
280 2059 296 2093 a
309 2049 335 2094 te
347 2061 399 2095 non
412 2043 526 2094 multum
538 2044 640 2094 abludit
653 2043 745 2108 imago.
764 2046 815 2094 320

25 2109 96 2163 Adde
110 2114 237 2180 poemata
249 2128 327 2175 nuno,
341 2112 389 2163 hoc
401 2119 447 2174 est,
461 2112 547 2164 oleum
560 2112 626 2164 adde
639 2111 741 2162 camino
753 2129 760 2174 ;

25 2179 86 2242 Quae
99 2181 123 2232 si
137 2179 197 2247 quis
210 2197 287 2231 sanus
300 2180 371 2239 fecit,
385 2186 411 2231 et
424 2198 501 2232 sanus
514 2181 592 2232 facies
605 2186 642 2231 tu.

24 2247 150 2301 Nondico
160 2248 315 2300 horrendam
322 2249 444 2302 rabiem.'’
464 2249 546 2302 “Jam
558 2247 669 2301 desine.'’
688 2247 815 2300 “Cultum

24 2315 152 2384 llajorem
165 2317 270 2369 censu.''
307 2318 434 2381 “Teneor,
448 2318 612 2385 Damasippo,
624 2317 676 2367 tuis
690 2317 739 2368 te.'’

24 2387 124 2442 “Mille
137 2385 295 2454 puellarum,
308 2403 447 2453 puerorum
460 2387 531 2438 mille
544 2384 665 2437 furores.’'

23 2455 64 2508 “0
77 2457 166 2524 major
177 2453 284 2508 tandem
296 2472 394 2522 parcas,
407 2457 504 2520 insane,
516 2455 611 2506 minori
623 2453 647 2507 !'’

239 2538 247 2573 ²
261 2541 354 2591 undem,
363 2553 385 2580 re
395 2541 477 2588 innam,
486 2543 516 2580 sic
526 2552 604 2592 magna
