1866 2874
92 52 143 107 1⁴8
410 51 566 105 nouum

92 155 137 208 Ira
149 155 200 208 fuit
212 155 340 224 capitalis,
352 159 384 208 ut
395 155 491 208 ultima
503 154 632 208 divideret
642 172 719 223 mors,

92 223 152 276 Non
165 225 243 276 aliam
256 225 288 276 ob
300 241 413 290 causam,
426 224 476 275 nisi
489 224 559 292 quod
571 225 655 277 virtus
667 225 695 277 in
707 230 822 294 utroque

93 291 202 346 Summa
213 293 283 355 luit;
301 293 353 344 duo
366 293 387 344 si
400 292 529 344 discordia
540 300 619 344 vexet
631 295 734 357 inertes,

93 359 150 413 Aut
162 361 184 412 si
196 361 344 428 disparibus
356 359 454 411 bellum
466 360 574 424 incidat,
588 366 617 412 ut
628 361 750 413 Diomedi

94 429 161 481 Cum
174 429 254 496 Lycio
266 429 372 494 Glauco,
384 428 501 479 discedat
513 428 618 496 pigrior,
633 430 700 482 ultro

94 496 249 550 Muneribus
260 496 346 548 missis
357 525 400 562 -—,
412 497 495 548 Bruto
507 505 617 563 praetore
629 503 736 550 tenente

93 563 183 618 Ditem
195 564 293 631 Asiam,
306 565 397 632 Rupili
411 570 437 615 et
450 565 522 616 Persi
536 582 584 632 par
595 573 705 632 pugnat,
719 566 758 617 uti
771 584 825 618 non

94 632 272 702 Compositum
283 632 378 685 melius
390 649 450 684 cum
463 633 542 684 Bitho
555 633 690 686 Bacchius.
728 635 761 685 ln
769 637 816 702 jors
852 635 883 684 20

94 701 174 754 Acras
185 708 350 770 procurrunt,
362 717 489 767 maguum
502 702 680 768 spectaculum
692 708 811 770 uterque.

94 768 200 823 Persius
212 771 320 838 exponit
333 785 452 831 causam;
470 769 570 820 ridetur
583 769 616 820 ab
628 770 699 821 omni

95 838 247 901 Conventu;
265 838 356 889 laudat
369 838 481 888 Brutum
494 835 636 903 laudatque
649 838 789 902 cohortem,

94 905 182 960 Solem
193 907 262 958 Asia
275 906 388 957 Brutum
400 904 523 972 appellat,
536 905 676 972 stellasque
688 906 804 958 salubres

94 973 220 1042 Appellat
232 974 346 1038 comites,
359 980 469 1040 excepto
482 973 567 1039 Rege;
585 990 677 1024 canem
689 974 773 1041 illum,

96 1041 215 1094 Invisum
229 1041 348 1108 agricolis
361 1041 439 1108 sidus,
452 1041 558 1094 venisse.
595 1041 706 1107 Ruebat,

95 1110 208 1164 Flumen
220 1116 251 1161 ut
263 1109 409 1174 hibernum,
421 1109 505 1160 fertur
517 1126 569 1176 quo
581 1127 640 1160 rara
652 1111 755 1164 securis.

96 1178 164 1233 llum
176 1179 353 1230 Praenestinus
365 1177 431 1228 salso
443 1177 578 1245 multoque
589 1178 683 1230 fluenti

96 1246 227 1315 Expressa
238 1246 342 1298 arbusto
354 1245 450 1312 regerit
463 1247 586 1312 convicia,
599 1247 681 1298 durus

98 1315 280 1367 vindemiator
292 1323 319 1365 et
331 1314 455 1375 invictus,
468 1315 511 1364 cui
524 1331 593 1382 saepo
606 1315 690 1366 viator
855 1318 889 1368 30

98 1383 228 1449 cessisset,
240 1400 337 1449 magna
349 1382 507 1450 compellans
520 1399 582 1434 voce
593 1382 734 1436 cucullum.

97 1450 134 1504 At
147 1453 259 1516 Graecus,
272 1460 409 1518 postquam
422 1457 461 1501 est
474 1449 542 1502 Italo
554 1451 675 1518 perfusus
686 1458 767 1518 aceto,

97 1519 202 1574 Persius
214 1519 353 1584 exclamat,
366 1519 381 1546 “
389 1518 440 1570 Per
451 1536 567 1586 magnos,
578 1524 668 1587 Brute,
680 1523 748 1575 Deos
760 1531 788 1574 te

98 1590 158 1656 Oro,
170 1590 217 1657 qui
228 1605 301 1657 reges
316 1587 446 1640 consueris
459 1589 556 1652 tollere,
569 1607 616 1640 cur
627 1607 680 1641 non

102 1657 184 1712 Hunc
196 1659 293 1725 Regem
308 1656 435 1724 jugulasl
455 1655 570 1724 Operum
581 1657 639 1725 hoc,
650 1659 716 1710 mihi
730 1659 816 1727 crede,
835 1671 892 1715 tuo-

167 1745 226 1780 rum
239 1725 302 1778 est.”

329 1862 331 1867 ’
380 1883 509 1938 sarrin
527 1885 604 1941 vrrr.

100 1998 174 2052 Onrrr
187 2005 295 2051 truncus
307 2015 379 2050 eram
390 1997 511 2062 ficulnus,
523 1998 619 2052 inutile
630 1997 741 2066 lignum,

100 2066 187 2130 Quum
199 2066 272 2118 faber
284 2067 399 2118 incertus
412 2083 547 2118 scamnum
559 2069 690 2120 faceretne
703 2067 844 2138 Priapum,

100 2133 197 2186 Maluit
210 2153 264 2187 esse
276 2136 368 2187 Deum.
403 2134 475 2186 Deus
487 2136 548 2186 inde
561 2153 615 2202 ege,
628 2137 718 2188 furum
730 2139 883 2209 aviumque

99 2201 219 2254 Maxima
231 2204 355 2265 formid03
373 2221 435 2254 nam
447 2203 518 2254 fures
531 2204 624 2256 dextra
636 2206 739 2256 co'e'rcet

101 2270 278 2338 Obscoenoque
289 2271 367 2322 ruber
379 2281 513 2338 porrectus
525 2271 558 2324 ab
570 2273 678 2340 inguine
684 2273 769 2392 palus
776 2292 784 2340 ς

100 2339 149 2390 Ast
162 2340 324 2405 importunas
337 2339 454 2391 volucres
467 2341 494 2391 in
507 2341 604 2393 vertice
616 2359 683 2392 arun
702 2359 718 2393 o

100 2407 190 2458 Terret
202 2405 255 2457 fixa
266 2413 391 2474 vetatque
404 2409 477 2460 novis
490 2410 622 2461 considere
634 2411 662 2460 in
675 2410 766 2466 hortis.

101 2474 162 2524 Huc
174 2473 246 2540 prius
258 2474 376 2538 angustis
390 2477 472 2540 ejecta
485 2478 611 2531 cadavera
623 2478 696 2530 cellis

101 2540 243 2590 Conuersus
255 2539 302 2589 rili
313 2542 443 2606 portanda
455 2543 558 2597 locabat
570 2547 599 2597 in
611 2563 679 2600 mea.
