1866 2874
78 115 129 165 130
390 103 543 154 nonulli

76 209 165 279 Atque
177 211 234 263 haec
245 227 311 276 rnre,
324 210 402 263 cadet
413 210 480 262 dine
491 209 561 261 inter
573 225 641 276 saepe
653 205 758 276 pericle
836 207 872 258 40

78 281 131 333 Hic
143 297 170 332 se
182 280 343 348 praecipitem
356 284 426 330 tecto
438 278 526 341 dedit;
544 277 589 329 ille
601 275 712 343 flagellis

77 349 121 402 Ad
132 356 243 402 mortem
254 365 351 411 coesus3
368 347 473 414 fugiens
485 347 528 398 hic
541 345 639 397 decidit
650 361 738 396 ocrem

79 417 237 470 Praedonum
246 416 274 468 in
284 417 403 478 turbem
421 415 494 466 dedit
503 415 546 466 hic
556 431 603 482 pro
611 429 717 480 corpore
725 428 864 475 nummos;

79 486 161 539 Hunc
173 485 374 552 perminxerunt
385 483 488 536 calones
495 501 503 546 ;
521 482 679 550 quinetiam
691 481 759 533 illud

80 553 194 618 Accidit,
207 558 239 605 ut
249 553 358 622 quidem
370 558 449 604 testes
461 551 624 618 caudamque
636 550 750 602 sulacem

78 621 248 676 Demeterent
260 622 335 674 ferro.
370 621 390 673 J
392 638 437 672 ure
448 637 550 673 omnes:
570 619 653 672 Gelbe
664 617 785 686 negabat.

80 691 172 743 Tutior
184 696 213 742 et
224 696 324 758 quanto
335 707 410 742 merx
422 695 461 741 est
473 689 502 740 in
514 688 595 740 classe
607 686 728 754 secunde,

80 758 273 812 Libertinerum
287 758 352 824 dico,
365 757 504 810 Sallustius
516 757 545 808 in
557 773 621 824 ques

81 827 106 880 N
108 845 142 880 on
153 828 241 880 minus
253 828 359 892 insanit,
371 844 451 895 quem
463 826 510 894 qui
521 825 680 878 moechetur:
698 823 783 877 ethic
795 823 826 890 si,

82 897 141 960 Qun
151 913 199 963 res,
213 913 266 964 que
276 896 344 948 retio
356 894 477 948 suaderet
489 912 593 963 queque
605 894 721 946 modeste
834 889 873 943 ‘50

82 963 209 1017 Munifico
220 982 275 1017 esse
287 964 357 1030 licet,
370 963 450 1016 vellet
461 962 545 1016 bonus
557 969 636 1030 utque
647 962 778 1029 benignus

82 1032 153 1100 Esse,
165 1033 241 1085 deret
253 1038 383 1101 quantum
395 1033 459 1084 sutis
472 1038 599 1084 essetnec
611 1031 661 1082 sibi
673 1030 770 1083 domno

82 1101 261 1170 Dedecorique
272 1101 347 1153 foret
383 1101 481 1153 Verum
492 1100 541 1152 hoc
553 1117 580 1152 se
592 1117 635 1152 cin
653 1099 761 1152 lectitur
774 1116 835 1164 uno,

82 1172 141 1226 Hoc
153 1177 226 1226 emet
237 1178 264 1225 et
276 1171 385 1224 laudnt:
409 1171 581 1222 “Metronem
592 1187 611 1220 n
651 1185 694 1220 suu
705 1185 754 1236 ego
766 1164 866 1237 teugo!

84 1235 121 1290 Ut
134 1237 265 1306 quondum
277 1235 408 1301 Mursaeus,
421 1241 522 1287 amator
535 1235 649 1303 Originis
660 1235 713 1302 ille,
927 1237 928 1256 ³

84 1306 136 1369 Qui
167 1306 265 1359 utrium
276 1305 362 1357 mimae
375 1305 455 1356 donet
467 1303 631 1372 fundumque
642 1303 784 1372 laremque,

85 1373 132 1428 Nil
143 1323 223 1427 llierit
235 1374 280 1441 mi,
292 1373 387 1440 inquit,
400 1389 461 1424 cum
472 1373 597 1424 uxoribus
609 1389 727 1441 unquam
739 1371 841 1427 olienis.

85 1441 183 1496 Verum
195 1448 235 1495 cst
247 1460 307 1495 cum
318 1443 412 1508 mimis,
425 1447 465 1493 est
477 1458 537 1492 cum
549 1441 735 1507 meretricibus,
747 1441 822 1493 unde

85 1509 167 1564 Fame
178 1511 278 1563 melum
290 1511 395 1578 gravius
405 1527 484 1577 quem
495 1527 536 1561 res
548 1509 638 1562 trehit.
656 1509 698 1560 An
707 1509 758 1562 tibi
770 1509 878 1562 abunde

85 1579 226 1631 Personam
238 1579 301 1630 setis
314 1585 360 1644 est,
372 1596 426 1631 non
437 1576 512 1644 illud,
525 1578 654 1646 quidquid
665 1576 763 1646 ubique
842 1582 878 1630 60

86 1647 181 1710 Officit,
193 1647 308 1698 evitsrel
327 1647 427 1699 Bonum
438 1646 579 1714 deperdere
589 1647 695 1713 famem,

86 1716 152 1768 Rem
160 1716 242 1784 petris
251 1715 381 1779 oblimare,
389 1715 490 1768 melum
497 1722 537 1767 est
545 1714 700 1783 ubicunque.
715 1714 787 1780 Quid
795 1715 878 1768 inter·

86 1785 166 1836 estin
177 1791 304 1851 matrona,
316 1784 412 1836 ancille
424 1801 548 1852 peccesne
560 1784 667 1851 togetel

87 1853 184 1905 Villius
196 1854 225 1905 in
237 1854 336 1906 Fausta
348 1853 427 1906 Sullae
439 1869 525 1920 gener,
538 1852 587 1904 hoc
598 1853 677 1904 miser
688 1870 742 1905 uno
926 1893 927 1898 ι

85 1921 198 1976 Nomine
210 1921 341 1990 deceptus,
354 1938 443 1991 poenes
456 1920 529 1973 dedit
541 1939 623 1989 usquc
635 1938 762 1990 superque

87 1991 174 2054 Quum
186 1991 248 2043 setis
261 1996 301 2043 est
312 1991 409 2060 pugnis
421 2007 502 2042 caesus
514 1991 633 2057 ferroque
645 1991 753 2058 petitus,

87 2059 218 2112 Exclusus
230 2060 293 2126 fore,
305 2076 386 2126 quum
398 2059 566 2125 Longarenus
578 2059 646 2110 foret
657 2059 737 2111 intus.

88 2128 160 2181 Huic
172 2128 195 2179 si
205 2128 321 2181 mutonis
333 2127 417 2180 verbis
429 2126 499 2178 mele
511 2133 587 2179 tante
599 2126 713 2180 videntis

87 2201 193 2256 Diceret
205 2201 262 2254 hoec
274 2200 389 2254 enimus:
408 2196 498 2260 “Quid
505 2195 545 2248 vis
553 2193 620 2248 tibil
637 2196 760 2264 nunquid
767 2213 817 2265 ego
826 2214 845 2252 a
853 2204 884 2251 tc

89 2269 192 2334 Magno
203 2272 362 2334 prognatum
373 2263 482 2332 deposco
494 2263 599 2316 conside
612 2281 727 2317 cunnum
845 2268 882 2320 70

90 2335 266 2398 velatumque
279 2333 352 2397 stole,
363 2349 422 2383 mec
433 2347 493 2383 cum
506 2332 654 2385 conferbuit
664 2333 705 2386 ire
712 2324 739 2385 l'’

92 2399 162 2462 Quid
176 2397 361 2464 responderet?
379 2399 501 2464 “Magno
513 2403 588 2464 petre
599 2403 663 2450 nete
674 2399 764 2466 puelle
775 2397 844 2456 cst.”

88 2466 126 2516 At
138 2468 236 2529 quanto
248 2462 355 2512 meliore
366 2469 455 2514 monet
466 2465 666 2534 pugnantiaque
677 2468 735 2520 istis

89 2530 170 2583 Dives
182 2528 238 2593 opis
249 2534 345 2578 nature
357 2545 417 2593 suae,
430 2535 461 2581 tu
473 2532 495 2582 si
507 2533 583 2584 modo
595 2541 666 2585 recte

99 2595 248 2662 nispensure
261 2593 325 2646 velis
338 2611 368 2646 ec
380 2612 433 2648 non
444 2597 572 2666 fugiende
583 2603 705 2669 petendis
