1858 2874
419 102 573 156 HORAPII

165 212 266 266 Multos
279 217 365 264 eastra
373 213 471 279 juvant
483 216 509 263 et
520 211 587 263 lituo
599 211 671 263 tubae

168 282 320 334 Permixtus
332 281 432 332 sonitus
444 280 564 348 bellaque
576 280 704 332 matribus

166 351 311 404 Detestata
347 350 440 401 Manet
452 349 500 400 sub
512 351 579 401 Jove
591 349 687 416 frigido

167 420 284 473 Venator
295 423 393 471 tenerae
405 419 523 486 conjugis
536 418 679 484 immemor,

167 487 221 542 Seu
232 488 289 540 visa
300 492 340 540 est
352 487 446 539 catulis
459 503 535 539 cerva
546 487 676 552 fidelibus,

167 557 221 611 Seu
232 557 306 626 rupit
317 562 412 608 teretes
425 556 529 608 Marsus
541 572 604 623 aper
615 555 714 622 plagas,

168 626 214 680 Me
226 625 363 678 doctarum
375 625 477 676 hederae
489 624 597 693 praemia
608 623 738 675 frontium

169 695 219 748 Dis
230 696 342 747 miscent
354 694 470 762 superis;
488 710 530 744 me
542 693 660 760 gelidum
671 706 764 742 nemus
854 690 887 742 30

168 764 405 832 Nympharumque
416 763 486 816 leves
498 779 559 814 oum
571 761 671 828 Satyris
684 760 757 813 chori

169 833 315 887 Seoernunt
345 832 430 900 epulo,
443 832 465 883 si
477 847 561 898 neque
573 831 652 882 tibias

169 901 287 970 Euterpe
299 919 329 954 oo
351 902 404 952 'bet
415 916 463 951 nee
476 898 652 965 Polyhymnia

169 970 299 1024 Lesboum
310 969 410 1036 refugit
421 967 528 1019 tendere
540 965 668 1019 barbiton.

171 1039 247 1102 Quod
260 1039 282 1090 si
293 1055 336 1090 me
347 1037 437 1104 lyricis
449 1035 554 1088 vatibus
566 1035 670 1102 inseres,

170 1107 284 1162 Sublimi
295 1106 388 1158 feriam
401 1105 486 1157 sidera
497 1103 601 1158 vertice.

198 1315 348 1370 GARMEN
365 1315 474 1370 II.-su
488 1331 638 1371 suorsruu
652 1331 792 1370 onsirnn.

172 1439 193 1494 J
193 1455 235 1492 su
248 1441 312 1493 satis
323 1441 399 1493 terris
411 1441 480 1495 nivis
492 1447 573 1510 atque
585 1443 649 1494 dirae

174 1509 315 1560 Grandinis
327 1510 400 1561 misit
412 1510 497 1575 Pater,
510 1519 537 1564 et
549 1513 659 1567 rubente

173 1575 292 1629 Dextera
304 1593 389 1628 sacras
397 1578 532 1644 jaculatus
544 1595 616 1630 arces

277 1643 381 1697 Terruit
393 1645 497 1714 Urbem,

174 1712 280 1765 Terruit
292 1719 390 1780 gentes,
403 1730 528 1780 gravene
539 1715 636 1768 rediret

174 1781 297 1834 Seoulum
308 1781 416 1850 Pyrrhae
427 1800 496 1837 nova
507 1790 624 1836 monstra
636 1789 742 1854 questae,

175 1851 259 1904 Omne
288 1867 354 1931 uum
366 1850 476 1904 Proteus
487 1870 567 1922 peous
579 1854 633 1920 egit
645 1854 712 1906 altos

304 1937 369 1973 isere
380 1927 490 1989 montes,

175 1987 292 2042 Piscium
304 1995 331 2042 et
343 2007 445 2042 summa
457 2008 540 2058 genus
552 1989 628 2043 haesit
640 1990 720 2059 ulmo,
925 2044 926 2047 ,

174 2057 201 2110 N
202 2063 246 2110 ota
257 2075 315 2126 quae
328 2060 400 2111 sedes
412 2059 498 2111 iuerat
510 2059 645 2127 columbis,
865 2066 897 2116 10

175 2125 213 2179 Et
224 2143 288 2195 supe
304 2130 369 2179 'eoto
380 2128 483 2196 paridae
495 2131 623 2180 natarunt

176 2262 298 2344 Vidimus
309 2196 534 2318 maffia&
545 2265 649 2318 retortis

176 2331 264 2384 Litore
276 2331 386 2385 Etrusco
398 2333 525 2386 violenter
537 2335 615 2386 undis

177 2399 220 2453 Ire
231 2401 362 2469 dejectum
373 2408 543 2454 monumenta
554 2403 623 2470 regis

280 2468 438 2539 Pemplnque
451 2471 552 2534 Vestae3

177 2537 311 2592 Iliadum
323 2557 349 2592 se
361 2538 472 2591 nimium
484 2540 605 2608 querenti

177 2611 272 2664 Jaotat
283 2610 403 2677 ultorem,
416 2626 498 2678 vagus
510 2615 537 2662 et
550 2610 655 2664 sinistra
