1866 2874
265 132 624 204 coniurauimus.
793 143 842 192 reo

6 209 8 294 ξ
56 227 128 282 Iratis
140 237 221 284 natue
233 234 319 301 paries
331 235 380 287 Dis
393 241 472 304 atque
484 240 576 306 poetis.

6 297 8 344 Ι
55 298 132 366 Atqui
144 301 236 352 vrrltus
248 311 304 354 erat
316 305 402 357 multa
413 313 440 358 et
453 309 579 374 praeclara
589 311 723 380 minantis,

54 365 78 417 si
89 385 203 420 vacuum
215 373 304 438 tepido
316 375 426 440 cepisset
438 376 531 428 villula
543 391 619 430 tecto.
806 385 839 435 10

54 434 177 496 Quorsum
190 441 320 506 pertinuit
333 443 430 510 stipare
442 444 554 496 Platona
566 446 718 514 Menandro,

53 501 169 572 Eupolin,
183 507 375 574 Archilochum,
388 513 495 564 comites
507 514 616 566 educere
629 518 734 571 tantos?

6 599 7 618 ἶ
53 570 180 626 Invidiam
192 575 297 643 placare
309 595 384 645 paras
397 581 496 632 virtute
507 583 616 636 relicta'l

52 639 219 696 Contemnere
231 645 309 696 miser
316 665 324 708 ;
342 647 451 700 vitanda
462 656 502 701 est
514 651 631 719 improba
643 652 718 707 Siren

6 709 8 786 l
51 707 159 777 Desidia,
173 720 220 764 aut
233 714 361 781 quidquid
373 717 430 768 vita
441 718 547 771 meliore
578 722 665 787 arasti,

6 787 8 862 p
50 775 203 833 Ponendum
215 799 290 850 aequo
302 783 417 835 animo.''
436 786 492 836 “Di
506 792 540 850 te,
551 738 658 840 liamasi
677 807 717 857 pe,
726 789 841 862 Deosque

6 863 7 900 l
49 844 143 900 Verum
157 850 190 900 ob
203 851 341 903 consilium
354 852 453 904 donent
465 859 575 908 tonsore.
612 807 747 911 Sedpunde

6 925 7 928 ’
48 913 106 968 {lam
114 917 183 970 bene
190 935 234 970 me
242 920 311 970 nosti
318 919 345 972 l”
363 921 523 988 “Postquam
531 925 614 976 omnis
624 943 664 976 res
673 926 838 980 meaJanum

47 983 84 1034 Ad
95 985 216 1036 medium
227 987 312 1038 fracta
323 994 370 1051 est,
382 988 468 1040 aliena
480 990 585 1055 negotia
597 1005 667 1056 curo,

6 1051 8 1116 l
47 1049 177 1105 Excussus
189 1055 308 1122 propriis.
344 1056 413 1107 Olim
425 1073 487 1108 nam
499 1075 613 1124 quaerere
625 1058 752 1127 amabam,
799 1062 834 1111 20

6 1131 7 1136 ’
47 1120 99 1182 Quo
111 1122 187 1174 vafer
199 1122 245 1174 ille
258 1124 335 1191 pedes
347 1125 454 1176 lavisset
466 1125 592 1193 Sisyphus
604 1142 661 1192 aere,

47 1188 111 1251 Quid
124 1190 261 1258 sculptum
273 1192 381 1257 infabre,
394 1193 458 1260 quid
470 1195 559 1245 fusum
571 1195 661 1246 durius
674 1202 755 1249 esset:

6 1273 7 1340 q
46 1257 160 1311 Callidus
173 1259 236 1310 huic
249 1261 323 1328 signo
335 1261 463 1330 ponebam
475 1263 560 1314 millia
572 1270 693 1327 centum;

6 1343 7 1390 g
45 1324 139 1380 Hortos
152 1329 322 1397 egregiasque
334 1330 423 1381 domos
435 1333 574 1382 mercarier
584 1347 653 1383 unus

6 1401 8 1430 ἒ
45 1393 105 1448 Cum
117 1397 194 1448 lucro
205 1411 312 1460 noram;
330 1398 400 1450 unde
412 1399 562 1465 frequentia
574 1399 730 1452 Mercuriale

43 1465 191 1534 Imposuere
201 1466 270 1518 mihi
281 1480 425 1532 cognomen
437 1465 575 1532 compita.''
611 1465 708 1532 “Nori,

6 1533 8 1622 q
42 1531 72 1618 Et
83 1535 168 1586 miror
180 1533 264 1584 morbi
275 1541 419 1613 purgatum
431 1539 458 1585 te
470 1532 565 1584 illius.’¹
594 1533 617 1614 ,“
626 1535 708 1602 Atqui

41 1599 621 1738 tulllius?attitulatilifts?
633 1619 677 1655 ⁰⁰²
693 1670 777 1740 [gar
796 1676 830 1726 30

6 1740 8 1766 ²
41 1737 72 1790 Ut
91 1739 257 1806 lethargicus
275 1739 318 1788 hic
338 1755 420 1804 quum
443 1739 474 1789 fit
497 1739 571 1806 pugil
591 1745 618 1790 et
635 1741 766 1792 medicum
786 1759 830 1793 nr-

6 1799 7 1826 ³
40 1807 128 1860 “Dum
137 1807 246 1874 nequid
258 1806 342 1857 simile
354 1807 423 1872 huic,
433 1814 488 1858 esto
500 1813 532 1858 ut
543 1807 633 1859 libet.’'
658 1809 699 1860 “0
711 1809 784 1875 bone,
796 1827 830 1862 ne

40 1873 176 1928 Frustrere
188 1893 195 1937 3
212 1875 311 1926 insanis
323 1880 350 1927 et
362 1881 393 1926 tu
406 1875 533 1943 stultique
545 1893 625 1944 prope
636 1892 732 1944 omnes,
787 1875 830 1945 [te

39 1939 62 1993 si
74 1941 143 2010 quid
156 1939 299 1993 Stertinius
311 1941 365 1994 veri
378 1949 474 2008 crepat,
487 1943 556 1993 unde
569 1960 616 2010 ego
628 1943 695 1994 mim

38 2009 173 2079 Descripsi
185 2009 275 2060 docilis
287 2016 418 2090 praecepta
430 2009 493 2075 haec,
505 2017 621 2078 tempore
635 2027 685 2078 quo
697 2027 739 2062 me

38 2076 145 2132 Solutus
153 2078 234 2146 jussit
246 2085 390 2146 sapientem
402 2094 506 2145 pascere
517 2077 625 2130 barbam

38 2148 125 2217 Atque
142 2164 158 2198 a
170 2146 289 2198 Fabricio
301 2164 354 2198 non
367 2147 469 2198 tristem
481 2155 561 2214 ponte
572 2147 674 2199 reverti

38 2214 104 2269 llam
117 2215 192 2268 male
203 2231 232 2265 re
261 2221 317 2268 esta
330 2233 412 2280 quum
424 2214 518 2267 vellem
530 2215 635 2268 mittere
647 2218 736 2283 operto

39 2284 79 2338 Me
92 2284 186 2350 eapite
198 2282 227 2333 in
239 2231 345 2348 iumen,
358 2283 451 2336 dexter
462 2284 544 2351 stetit,
557 2289 591 2350 et,
604 2285 688 2336 ‘Cave
700 2285 769 2338 faxis

39 2353 71 2407 lle
78 2351 232 2424 quidquam
239 2350 393 2418 indignum
405 2351 647 2420 pudor,'inquit,‘te
654 2353 740 2406 malus
747 2354 830 2422 angit,

37 2420 150 2474 Insanos
162 2420 209 2487 qui
221 2419 291 2470 inter
302 2436 407 2471 vereare
418 2420 527 2471 insanus
538 2419 636 2471 haberi.
793 2430 829 2474 40

36 2488 160 2542 Primum
167 2503 231 2538 nam
240 2487 380 2555 inquiram,
388 2488 451 2554 quid
461 2487 496 2538 ait
504 2488 604 2539 furere:
616 2488 666 2540 hoc
675 2488 697 2540 si
706 2489 756 2545 erit
766 2489 794 2540 in
804 2499 830 2542 te

35 2557 100 2627 Solo,
113 2557 157 2610 nil
169 2555 251 2621 verbi,
262 2573 354 2676 pereas
366 2557 431 2624 quin
442 2556 552 2620 fortiter,
565 2556 667 2608 addam.

35 2628 121 2693 Quem
133 2623 207 2680 mala
219 2632 261 2677 stu
273 2623 335 2678 titia
346 2631 373 2678 et
385 2640 567 2693 quemcunque
579 2624 684 2676 inscitia
698 2625 753 2678 veri
814 2675 829 2710 .·
