1866 2874
67 93 118 144 132
378 86 531 140 llOllA'llI

61 193 150 260 Atque
162 197 243 246 aestns
255 209 382 261 curesque
394 208 486 258 graves
498 207 513 242 e
524 194 628 258 pectore
641 189 721 257 pellil
803 194 855 242 110

60 259 155 313 Nonne
167 263 334 331 cupidinibus
347 266 447 312 statuat
459 267 555 311 nature
566 259 673 311 modum
685 275 773 326 quem,

62 330 131 392 Quid
144 331 231 382 latura
243 331 292 382 sibi
305 330 367 397 quid
379 329 414 380 sit
425 329 541 380 dolitura
553 335 687 395 uegetum,

62 398 182 460 Quaerere
195 400 254 466 plus
265 399 370 467 prodest
382 404 409 449 et
420 397 499 449 inane
511 396 662 448 abscindere
675 394 764 448 soldol

60 465 140 532 Num,
153 466 202 518 tibi
215 485 296 535 quum
307 468 397 519 fauces
409 467 464 517 urit
477 466 540 531 sitis,
552 482 632 517 sures
645 464 739 531 quaen's

61 533 176 587 Poculsl
194 552 259 588 num
270 535 386 587 esuriens
398 534 502 586 fastidis
513 535 601 586 omnis
612 539 708 602 praeter

59 602 193 656 Pavonem
208 602 416 684 rbombumquei
442 603 556 655 Tument
569 601 618 654 tibi
634 618 717 670 quum
729 600 853 668 inguina,

129 689 194 724 uum
215 689 237 724 er

59 738 165 793 Ancilla
176 713 224 793 abt
236 758 316 794 verne
328 744 368 792 est
379 744 474 808 praesto
486 756 552 808 puer
559 737 575 806 ¹,
586 738 701 808 impetus
712 737 742 790 in
754 755 834 806 quem

60 808 190 862 Continuo
201 809 256 876 fiet,
268 809 344 862 melis
356 808 486 876 tentigine
497 825 556 860 rum
575 808 602 860 it

60 875 122 929 Non
132 895 192 945 ego:
204 895 318 946 numque
326 875 470 946 pembilem
479 893 537 929 emo
571 893 674 928 onerem
685 874 851 942 facilemque.

59 945 146 1011 Illam,
158 947 240 998 “Post
271 947 343 998 nullo
353 945 375 998 :'’
394 944 466 996 “Sed
497 944 562 996 luris
571 944 594 996 :”
613 943 660 996 “Si
672 944 767 994 exierit
779 941 852 994 vir:’'

60 1011 148 1078 Gallis,
155 1013 256 1064 bencP
277 1013 282 1025 '
296 1013 402 1066 edemus
410 1013 448 1065 sit
457 961 513 1078 sili,
521 1029 580 1079 quse
589 1029 675 1079 neque
682 1028 779 1078 magno
798 1015 847 1066 121

62 1079 119 1132 Stet
132 1081 215 1148 pretio
226 1098 310 1148 neque
323 1087 469 1147 cunctetur,
482 1097 563 1148 quum
575 1087 615 1132 est
622 1082 698 1148 jussu
708 1080 804 1132 venire.

59 1148 177 1202 Candida
185 1155 309 1218 recteque
318 1150 368 1212 sit;
383 1150 483 1202 munde
492 1149 626 1214 hactenus,
635 1156 665 1200 ut
676 1165 761 1214 neque
770 1149 849 1216 longe

61 1217 118 1270 Nec
130 1219 214 1286 magis
227 1219 286 1271 alba
298 1219 369 1284 velit,
383 1235 461 1284 quum
473 1218 520 1269 det
531 1223 634 1282 nature,
646 1217 738 1268 videri.

61 1285 126 1339 Haec
139 1287 184 1338 ubi
197 1287 334 1367 supposuit
346 1287 439 1338 dextro
452 1303 544 1354 corpus
556 1285 622 1336 mibi
634 1284 738 1352 laerum,

59 1353 111 1406 Ilio
122 1361 150 1408 et
161 1356 258 1423 Egone
269 1361 321 1407 est:
340 1355 373 1406 do
385 1371 480 1406 nomen
493 1353 627 1421 quodlibet
639 1353 687 1418 illi,

58 1422 114 1474 Nec
127 1441 223 1490 vereor,
235 1441 275 1490 ne,
289 1425 353 1475 dum
364 1424 449 1489 futuo,
461 1423 502 1474 vir
513 1439 573 1474 rure
584 1427 709 1486 recurrat,

57 1490 77 1542 J
77 1507 148 1542 anua
159 1492 305 1558 frangatur,
319 1492 398 1544 latret
411 1492 489 1556 cenis,
500 1491 620 1557 undique
631 1506 728 1556 magno

57 1558 137 1610 Pulsa
149 1560 241 1612 domus
254 1561 366 1628 strepitu
378 1565 487 1625 resonet,
500 1559 542 1612 vel
554 1558 669 1626 pallide.k
681 1557 750 1610 lecto

56 1626 168 1679 Desiliet
179 1629 281 1696 mulier,
293 1630 414 1680 miserem
427 1646 453 1680 se
466 1628 568 1680 conscie
581 1629 682 1693 clamet,
798 1631 848 1680 130

57 1695 180 1748 Gruribus
192 1697 248 1749 baec
260 1703 370 1762 metuet,
383 1698 439 1749 doti
451 1696 585 1764 deprensu,
597 1700 699 1762 egomet
710 1694 758 1750 mi.

55 1763 192 1818 Discincte
204 1765 295 1818 tunice
307 1766 464 1832 fugiendum
475 1772 515 1817 est
526 1783 557 1817 uo
569 1765 635 1834 pede
646 1765 725 1830 nudo,

56 1831 98 1884 Ne
110 1835 212 1886 nummi
223 1839 333 1902 pereant
344 1841 391 1887 sut
403 1852 474 1902 pugn
486 1839 533 1886 eut
546 1833 658 1900 denique
669 1833 748 1886 seme.

54 1899 188 1971 Deprendi
198 1903 324 1956 miserum
336 1908 375 1955 est
382 1922 390 1968 ;
409 1903 489 1956 Fabio
502 1902 543 1955 vel
552 1902 643 1971 judice
654 1901 768 1955 vincum.

348 2069 477 2122 SATIRA
495 2069 547 2122 111.

55 2177 184 2232 Ossismos
195 2178 245 2232 hoc
257 2180 353 2232 vitium
365 2187 404 2232 est
416 2179 572 2245 centonibus,
583 2178 654 2230 inter
665 2178 764 2230 emices

54 2246 92 2298 Ut
103 2265 239 2315 nunquam
251 2249 379 2300 inducent
391 2249 509 2301 animum
521 2253 626 2300 cantore
638 2247 732 2315 rogati,

54 2312 152 2377 Injussi
165 2331 299 2378 nunquam
312 2316 446 2368 desistent.
482 2316 579 2368 Surdus
591 2315 705 2368 habebut

55 2377 106 2428 llle
118 2379 243 2443 Tigellius
255 2380 310 2431 hoc.
347 2383 438 2447 Cessat,
450 2385 495 2449 qui
508 2401 599 2448 cogere
610 2391 704 2452 posset,

55 2441 83 2492 si
96 2449 196 2519 peteret
208 2459 255 2508 per
266 2447 408 2499 amicitiem
421 2451 503 2515 patris
515 2459 593 2517 etque
605 2469 688 2518 suam,
700 2469 755 2504 uon

55 2507 206 2574 Quidquam
217 2509 366 2575 proficeret;
384 2517 406 2566 si
418 2517 584 2584 collibuisset,
597 2520 630 2570 ab
642 2537 692 2572 ovo

162 2591 170 2622 t
183 2594 220 2627 sut
228 2601 280 2640 puer
446 2599 453 2622 ¹*
467 2602 573 2650 vepallida.
604 2616 630 2642 us
640 2605 722 2654 pallide
