1866 2874
239 104 436 162 csnumuu
454 103 502 157 rr.
522 111 547 172 4,
573 108 598 157 r.

98 205 195 258 Merses
207 204 345 273 profundo,
357 203 491 272 pulchrior
503 204 612 268 exiet¹;

95 274 212 339 Luctere,
224 273 312 325 multa
322 278 429 340 proruet
440 273 574 339 integrum

129 343 194 396 eum
206 342 286 394 laude
297 341 424 393 victorem
435 347 560 408 geretque

162 410 260 463 Proelia
272 409 428 477 conjugibus
439 410 578 476 loquenda.

96 478 249 547 Carthagini
257 481 314 547 jam
326 495 379 531 non
391 495 439 546 ego
450 478 558 530 nuntios

95 547 203 600 Mittam
216 547 346 616 superbos
383 546 494 613 Occidit,
506 547 603 600 occidit

127 616 192 684 Spes
204 617 289 668 omnis
301 621 328 667 et
340 614 448 666 fortune
460 616 543 666 nostri

162 685 291 751 Nominis,
304 683 469 736 Hasdrubale
480 683 646 754 interempto.

14 763 15 798 l
93 751 138 805 Nil
152 752 270 806 Claudiae
281 769 335 805 non
347 751 483 819 perficient
494 769 596 820 manus,

14 857 15 866 ι
94 821 163 886 Quas
175 825 204 874 et
216 820 329 888 benigno
340 821 449 873 numine
461 820 570 889 Jupiter

14 897 15 916 ¹
127 889 255 942 Defendit
267 895 294 942 et
306 905 374 942 curte
387 905 491 956 sagaces

161 957 318 1027 Expediunt
329 975 376 1026 per
388 963 467 1010 acuta
478 955 566 1012 belli.”

199 1125 350 1178 OARMEN
367 1124 472 1177 V.-sn
485 1138 635 1178 susurrum

96 1235 181 1289 D1r1s
194 1240 251 1288 orte
263 1234 345 1302 bonis,
357 1234 455 1303 optime
468 1233 586 1286 Romule

95 1304 185 1358 Ormtos
197 1303 291 1372 gentis,
304 1304 364 1356 abes
373 1305 430 1371 jam
441 1303 554 1354 nimium
566 1303 625 1356 diu:

95 1371 233 1427 Moturum
243 1373 360 1425 reditum
371 1372 504 1441 pollicitus
516 1377 623 1439 patrum

162 1441 259 1496 Sancto
271 1440 381 1494 concilio
392 1441 455 1494 redi.

94 1509 191 1564 Lucem
202 1510 283 1563 redde
294 1516 355 1577 tuae,
368 1510 424 1562 dux
434 1509 509 1574 bona,
522 1509 616 1577 patriae
622 1527 630 1572 ;

94 1579 182 1632 Instar
193 1579 262 1632 veris
274 1579 345 1631 enim
357 1577 448 1632 vultus
458 1576 506 1629 ubi
517 1583 581 1630 tuus

93 1647 203 1701 Affirlsit
214 1648 318 1716 populo,
330 1647 430 1714 gratior
440 1647 463 1699 it
475 1646 530 1698 dies

162 1717 199 1768 Et
211 1716 277 1768 soles
287 1716 382 1768 melius
394 1716 488 1768 nitent.

94 1784 131 1838 Ut
142 1790 230 1838 mater
237 1787 370 1852 juvenem,
383 1801 461 1851 quem
472 1783 557 1836 Notus
569 1783 659 1837 invido

92 1852 173 1907 Flatu
186 1853 322 1921 Carpathii
334 1852 498 1905 transmaria
510 1869 614 1920 aequora

92 1923 270 1976 (lumctantem
282 1921 367 1990 spatio
378 1921 482 1988 longius
494 1937 583 1973 annuo

160 1989 244 2042 Dulci
255 1990 365 2042 distinet
377 2005 393 2042 a
405 1989 489 2055 domo,
606 2007 610 2015 ·

92 2059 171 2113 Votis
183 2059 365 2127 ominibusque
377 2064 404 2110 et
416 2057 535 2126 precibus
546 2062 630 2123 vocat,

89 2129 177 2182 Curvo
189 2144 239 2179 nec
249 2127 346 2180 faciem
356 2127 433 2179 litore
445 2126 575 2190 dimovet;

91 2195 136 2252 Sic
148 2195 284 2250 deciderim
296 2196 350 2249 icta
361 2195 483 2247 fidelibus

162 2264 265 2329 Quaerit
273 2265 361 2332 patria
374 2264 508 2316 cesarem.

91 2333 180 2387 uatus
191 2331 238 2386 bos
250 2333 349 2385 etenim
360 2349 422 2384 rura
433 2331 607 2400 perambulat,

90 2401 186 2455 Nutrit
197 2417 261 2454 rura
274 2401 349 2454 Ocres
361 2401 483 2468 almaque
495 2399 637 2465 Faustitas,

91 2470 223 2526 Pacatum
235 2469 349 2522 volitant
360 2487 407 2549 per
418 2485 491 2520 mare
502 2468 609 2530 navitae,

162 2538 272 2607 Oulpari
283 2543 380 2590 metuit
392 2536 485 2596 uidem

371 2626 385 2646 ¹
400 2618 470 2657 evenit
