1866 2874
57 85 108 136 134
369 76 523 130 HORA'HI

54 181 143 235 Eri-ori
154 198 249 234 nomen
261 181 344 234 virtus
356 181 485 249 posuisset
496 179 642 233 honestum.

54 251 92 305 At
104 256 178 318 poter
189 257 222 302 ut
234 251 316 316 gnoti,
329 250 365 301 sic
377 266 424 300 nos
437 249 560 300 debemus
573 248 660 315 amici,¹

55 319 83 372 si
96 319 165 387 quod
178 319 212 371 sit
224 320 326 384 vitium,
338 335 390 369 non
403 318 535 369 fastidire:
554 317 701 368 strabonem

55 387 180 456 Appellat
192 395 292 455 paetum
304 393 385 454 pater,
398 393 426 438 et
438 386 549 453 pullum,
562 385 629 436 male
642 401 737 453 pervus

56 455 84 508 si
97 457 139 509 cui
153 456 222 506 filius
234 463 281 520 est,
294 462 326 507 ut
338 454 471 507 ebortivus
484 456 536 505 fuit
549 455 610 505 olim

55 523 96 576 sis
133 525 200 586 hus;
218 525 289 576 hunc
301 541 392 576 varum
405 524 522 574 distortis
535 521 666 582 cruribns;
684 521 760 572 illum

55 592 95 646 Bo
105 592 176 644 butit
189 610 316 654 scaurum,
329 593 415 659 previs
427 592 524 642 fultum
538 591 606 642 male
618 590 685 642 telis.

56 660 164 713 Per-cius
176 661 219 712 hic
231 661 313 713 vivit:
332 661 403 727 frugi
416 661 526 712 dicutur.
563 660 672 726 ineptus

56 729 92 781 Et
99 729 243 796 jactantior
256 730 299 782 hic
311 730 400 797 paullo
413 737 465 781 est:
485 729 627 780 concinnus
638 727 728 778 amicis
812 730 849 778 50

55 796 176 850 Postulat
187 805 219 849 ut
231 798 358 850 videatur.
395 799 432 849 At
443 806 483 849 est
496 797 667 849 truculentior
679 805 759 862 etque

55 865 120 918 Plus
132 884 205 934 aequo
217 866 294 918 liber:
313 866 423 933 simplex
437 867 562 932 fortisque
575 865 717 927 hubeotm3

56 935 160 988 caldior
172 942 225 987 est:
242 953 314 987 acres
325 936 395 987 inter
407 941 565 987 numeretur.
602 933 707 1000 Opinor,

58 1003 124 1055 Haec
135 1021 175 1055 res
187 1010 214 1055 et
223 1005 322 1071 jungit,
331 1006 437 1071 junctos
449 1013 476 1055 et
489 1010 575 1054 serrat
587 1003 689 1054 amicos.

56 1071 93 1124 At
104 1089 151 1124 nos
163 1072 275 1124 virtutes
287 1073 356 1140 ipsus
368 1073 523 1124 invertimus
536 1078 615 1138 atque

56 1139 191 1210 Sincernm
203 1141 323 1208 cupimus
335 1159 381 1192 ves
393 1142 544 1192 incrustare.
581 1139 679 1191 Probus
692 1139 751 1206 quis

56 1208 199 1262 Nobiscum
211 1209 291 1262 vivit:
309 1210 423 1261 multum
437 1209 562 1272 demissus
575 1208 651 1259 bomo
659 1226 666 1271 ;
685 1207 724 1258 illi

56 1277 141 1330 Turdo
153 1295 296 1346 cognomen
309 1279 400 1346 pingui
413 1278 512 1330 demus.
549 1277 601 1328 Hic
613 1277 683 1342 fugit
695 1292 785 1328 omnes

58 1345 171 1398 Insidias
183 1348 302 1414 nullique
314 1347 382 1398 malo
395 1346 465 1398 letus
477 1345 550 1398 obdit
562 1353 690 1412 apertum,
926 1351 927 1413 l

57 1415 145 1479 Quum
158 1433 240 1478 oenus
252 1416 301 1467 hoc
313 1416 383 1467 inter
394 1416 455 1467 vitae
468 1422 592 1479 versetur,
605 1415 649 1465 ubi
662 1413 728 1466 seris
814 1417 848 1466 60

56 1483 162 1536 Invidia
174 1491 254 1552 utque
265 1485 357 1552 vigent
368 1485 413 1535 ubi
426 1484 551 1536 crimine:
570 1499 616 1550 pro
628 1482 694 1534 bene
706 1500 769 1536 seno

56 1551 95 1603 Ac
107 1569 159 1603 non
171 1551 278 1605 inceuto
289 1553 381 1605 fictum
393 1560 562 1619 astutumque
574 1569 704 1603 vocamus.

57 1619 204 1688 Simplicior
216 1622 274 1688 quis
287 1628 313 1673 et
326 1628 371 1686 est,
384 1622 487 1690 quelem
498 1638 541 1672 me
553 1637 621 1688 saepe
634 1620 746 1672 libenter

58 1688 204 1741 Obtulerim
217 1689 273 1753 tibi,
286 1689 422 1755 Maecenas,
437 1698 466 1741 ut
477 1691 545 1741 forte
557 1690 689 1757 legentem

56 1756 113 1809 Aut
124 1757 235 1809 tacitum
248 1758 367 1826 impellet
379 1759 471 1826 quovis
483 1775 599 1809 sermone
611 1757 747 1810 molestus:

58 1825 194 1878 Communi
208 1843 282 1878 sensu
295 1827 373 1894 plane
386 1834 463 1891 curet,
477 1827 616 1893 inquimus.
652 1826 734 1891 Eheu,

58 1894 144 1958 Quem
155 1901 252 1946 temere
264 1895 292 1946 in
304 1903 405 1947 nosmet
417 1895 501 1962 legem
514 1896 644 1946 sancimus
656 1895 790 1961 iniquam!

57 1961 126 2015 Nem
139 1964 210 2015 vitiis
222 1981 298 2016 nemo
311 1964 366 2015 sine
377 1965 511 2026 nascitur;
529 1964 645 2031 optimus
656 1963 702 2015 ille
714 1971 761 2028 est,
923 2003 924 2030 Ξ

58 2031 108 2095 Qui
122 2033 237 2083 minimis
249 2038 365 2100 urgetur.
401 2033 508 2083 Amicus
521 2032 612 2097 dulcis,
625 2038 656 2084 ut
668 2049 773 2100 aequum
786 2037 834 2097 est,
923 2047 924 2123 p

59 2100 146 2163 Quum
158 2118 217 2152 mee
229 2107 377 2168 compenset
389 2101 461 2154 vitiis
472 2101 548 2168 bone,
579 2099 679 2152 iuribus
692 2101 771 2168 hisce,
816 2103 851 2156 70

57 2167 86 2220 Si
97 2169 173 2221 modo
185 2170 262 2237 plura
273 2170 339 2221 mibi
351 2169 420 2223 bone
432 2177 501 2236 sunt,
513 2119 631 2236 inclinet,
644 2170 727 2222 amari
922 2169 923 2196 ³

57 2236 86 2290 Si
95 2236 178 2289 volet:
196 2238 246 2289 bec
258 2239 315 2306 lege
327 2239 355 2290 in
367 2240 469 2292 trutina
481 2247 594 2306 ponetur
606 2239 704 2292 eadem.

58 2305 118 2368 Qui,
130 2321 163 2356 ne
175 2305 311 2358 tuberibus
323 2309 433 2375 propriis
446 2308 561 2360 offendat
573 2307 695 2371 amioum,

58 2371 187 2434 Postulat,
200 2371 316 2435 ignoscet
328 2377 442 2426 vermcis
454 2376 540 2436 illius;
558 2391 664 2440 aequum
676 2378 723 2439 est,
921 2399 922 2402 ¹

58 2435 176 2485 Peccatis
188 2437 292 2487 venum
304 2448 452 2504 poscentem
464 2441 571 2493 reddere
582 2457 679 2493 rursus.

58 2500 185 2565 Denique,
198 2508 326 2565 quatenus
338 2507 423 2556 excidi
435 2508 542 2572 penitus
553 2509 649 2560 vitium
662 2509 714 2573 irc,

59 2564 151 2617 Cetera
161 2566 226 2617 item
238 2575 372 2634 nequeunt
384 2573 473 2624 stultis
485 2573 619 2644 haerentiu,
632 2592 679 2628 cur
690 2592 744 2628 non
915 2625 921 2832 p
