1908 2886
281 123 540 186 ΕΡΙΒΤΟΙιΑΒΠΜΙ
553 125 592 178 II.
612 131 636 181 2.
801 125 851 172 229

65 223 203 278 Intervalla
213 223 287 276 vides
298 224 413 278 humane
425 225 565 279 commoda
578 253 614 265 -·-
626 225 724 276 Verum
815 225 849 278 70

65 294 136 346 Purae
149 301 211 346 sunt
240 294 324 360 lateae,
336 293 405 346 nihil
417 299 448 347 ut
459 295 648 347 meditantibus
661 295 753 348 obstet.
765 321 802 334 -

64 364 179 416 Festinat
233 362 290 415 ‘dus
303 363 381 416 mulis
393 364 542 432 gerulisque
553 365 708 432 redemptor,

63 433 172 501 Torquet
183 449 254 484 nunc
266 431 388 500 lepidam,
398 450 469 485 nunc
481 433 574 500 ingens
585 433 708 486 machina
716 433 830 501 tignum,

63 503 155 554 Tristia
166 501 278 554 robustis
290 501 426 555 luctantur
437 503 675 624 funerauplaustris,

64 572 121 624 Hac
132 570 233 623 rabiosa
244 571 315 639 fugit
326 573 405 638 mnis,
418 573 467 624 hec
480 571 521 624 lut
551 579 613 624 enta
623 574 679 624 ruit
691 589 748 625 sus:

18 647 19 653 ’
62 642 76 694 Ι
87 657 157 694 nunc
168 645 196 692 et
207 657 295 692 versus
307 647 395 693 tecum
406 641 533 694 meditare
545 657 657 694 canoros.

61 710 220 778 Scriptorum
231 709 324 762 chorus
337 711 420 762 omnis
432 716 504 762 amat
516 729 608 763 nemus
620 718 647 762 et
659 711 730 778 fugit
742 711 840 778 urbem,

61 780 120 832 Rite
132 779 213 831 cliens
225 778 323 830 Bacchi
335 797 424 832 somno
436 780 575 848 gaudentis
588 785 615 832 et
626 781 734 833 umbra:

60 848 99 900 'Pu
110 865 152 900 me
164 848 233 900 inter
245 849 370 917 strepitus
382 857 521 901 nocturnos
533 857 613 917 atque
625 850 732 901 diurnos

61 919 106 970 Vis
118 935 210 970 canere
222 923 249 969 et
261 925 395 971 contracta
407 919 481 986 sequi
493 920 604 986 vestigia
617 918 724 971 vatuml
813 921 846 971 80

60 987 206 1055 Ingenium,
219 986 268 1038 sibi
280 988 349 1055 quod
362 1005 458 1042 vacuas
470 987 615 1056 desumpsit
628 989 752 1055 Athenas,

59 1057 93 1109 Et
106 1057 199 1109 studiis
211 1073 292 1108 annos
305 1064 405 1124 septem
417 1057 490 1110 dedit
502 1058 669 1126 insenuitque

59 1126 142 1178 Libris
155 1133 182 1178 et
195 1126 271 1189 curis,
284 1133 373 1178 statua
385 1127 543 1179 taciturnius
555 1127 611 1179 exit

59 1195 216 1264 Plerumque
228 1202 256 1247 et
267 1196 322 1247 risu
334 1197 461 1264 populum
474 1197 575 1264 quatit;
593 1197 636 1248 hic
648 1213 695 1263 ego
707 1213 795 1249 rerum

59 1264 194 1318 Fluctibus
207 1265 235 1316 in
246 1266 339 1317 mediis
351 1272 378 1318 et
391 1264 590 1334 tempestatibus
603 1265 673 1317 urbis

59 1333 144 1387 Verba
156 1333 220 1402 lyrae
232 1341 336 1388 motura
348 1352 439 1387 sonum
452 1341 604 1387 connectere
616 1333 726 1402 dignerl

14 1465 15 1474 ἱ
58 1403 149 1456 Frater
162 1409 218 1456 erat
231 1403 319 1456 Romae
332 1404 444 1457 consulti
456 1404 551 1472 rhetor,
564 1410 595 1456 ut
606 1404 674 1456 alter

14 1479 16 1536 J
57 1473 174 1526 Alterius
186 1489 302 1525 sermone
314 1491 397 1526 meros
409 1475 513 1526 audiret
525 1474 641 1539 honores,

58 1543 192 1595 Gracchus
204 1547 236 1594 ut
247 1543 291 1594 hic
302 1543 349 1608 illi,
361 1543 429 1595 foret
440 1544 502 1596 huic
515 1550 546 1596 ut
558 1543 663 1596 Mucius
674 1543 726 1598 ille.

14 1641 15 1654 r
58 1611 107 1675 Qui
119 1612 209 1664 minus
222 1619 327 1680 argutos
338 1618 418 1665 vexat
430 1613 502 1666 furor
514 1613 563 1665 iste
575 1613 682 1681 pobtasl
812 1615 845 1665 90

14 1687 15 1752 ᾗ
58 1681 180 1734 Carmina
191 1697 323 1750 compono,
336 1682 379 1734 hic
392 1683 483 1750 elegos.
519 1682 663 1735 “Mirabile
675 1683 734 1736 visu

58 1749 237 1818 Oaelatumque
248 1768 342 1803 novem
355 1751 437 1804 Musis
449 1769 514 1821 opus
522 1751 545 1807 !”
564 1751 676 1820 Adspice
688 1753 810 1820 primum,

58 1819 163 1882 Quanto
176 1835 237 1872 cum
248 1820 327 1887 fastu,
340 1828 438 1888 quanto
450 1821 584 1874 molimine
596 1822 707 1873 circum-

57 1896 205 1954 spectemus
217 1906 327 1942 vacuam
340 1891 463 1942 Romanis
476 1891 580 1944 ratibus
593 1891 689 1953 aedem3

56 1955 120 2010 Mox
132 1959 222 2024 etiam,
236 1959 336 2012 siforte
348 1977 432 2027 vacas,
445 1977 552 2028 sequere
564 1966 591 2012 et
603 1960 693 2028 procul
704 1959 775 2026 audi,

57 2025 125 2090 Quid
137 2028 208 2080 ferat
221 2033 247 2080 et
259 2045 339 2095 quare
352 2029 401 2081 sibi
413 2036 503 2082 nectat
515 2037 623 2097 uterque
636 2045 769 2082 coronam:

57 2094 190 2149 Oaedimur
201 2104 228 2150 et
240 2098 351 2150 totidem
362 2098 447 2167 plagis
459 2099 635 2151 consumimus
647 2098 748 2150 hostem

57 2163 140 2219 Lento
153 2165 283 2218 Samnites
296 2167 330 2220 ad
342 2167 444 2220 lumina
455 2167 541 2236 prima
553 2168 646 2220 duello.

57 2232 170 2288 Discedo
181 2235 285 2289 Alcaeus
296 2243 395 2305 puncto
407 2238 493 2302 illius;
512 2238 557 2289 ille
569 2254 625 2289 meo
638 2235 713 2304 quisi

58 2301 121 2366 Quis
133 2304 187 2357 nisi
200 2305 391 2359 Oelhmachusl
410 2306 438 2359 si
450 2308 509 2376 plus
521 2323 659 2375 apposoere
672 2305 751 2376 meus,
796 2308 845 2359 100

57 2371 100 2427 Fit
114 2375 298 2439 Mimnermus,
313 2383 339 2426 et
352 2375 441 2443 optivo
455 2377 609 2442 cognomine
621 2376 723 2431 crescit.

57 2437 146 2495 Multa
158 2441 220 2505 fero,
232 2447 263 2493 ut
275 2442 377 2510 placem
388 2459 471 2510 genus
484 2441 610 2494 irritabile
622 2449 721 2509 vatum,

59 2507 147 2572 Quum
159 2509 242 2563 scribo
254 2517 281 2563 et
293 2511 403 2580 supplex
415 2511 506 2580 populi
519 2511 642 2579 suffragia
654 2519 738 2582 capto,

58 2575 141 2648 Idem,
153 2580 237 2633 finitis
249 2581 343 2632 studiis
355 2586 382 2632 et
393 2589 481 2633 mente
493 2586 604 2648 recepta,

59 2645 186 2704 Obturem
197 2649 302 2720 petulas
314 2650 421 2719 impune
434 2649 581 2717 legentibus
593 2665 676 2702 aures.
