1878 2874
252 107 338 164 VITA
355 107 515 164 nonant.
754 111 791 165 vii

8 229 63 291 est,
79 224 275 294 corpusculum
286 240 341 278 non
353 224 432 278 deest
476 224 571 294 Itaque
586 223 676 278 licebit
690 225 720 279 in
734 243 791 282 sex-

8 297 78 348 riolo
95 294 213 348 scribas:
232 311 314 363 quum
325 295 450 346 circuitus
459 294 599 346 voluminis
611 295 652 346 tui
668 296 703 348 sit
714 296 790 358 ὀγκω-

8 386 115 432 navos,
130 364 202 416 sicut
213 371 252 417 est·
263 363 406 417 ventriculi
415 362 479 416 tui.’'
506 362 549 416 Ad
560 381 601 416 res
610 363 741 418 Venereas
753 365 793 417 in·
801 373 831 420 12

8 433 185 500 mperantior
196 433 312 486 traditur
322 451 329 497 ;
346 431 420 502 [narn
432 433 565 501 speculato
574 431 694 486 cubiculo
705 440 791 486 scorta

8 505 87 554 citur
105 501 233 555 habuisse
249 502 382 572 disposita,
398 507 437 568 ut,
472 519 611 572 uocumque
627 502 791 571 respexisset,

8 519 790 694 ln
802 587 831 634 ¹³

8 711 145 763 tenditur
153 711 223 762 eirca
234 710 344 763 Tiburni
355 709 481 763 luculum.
509 657 686 763 Venerunbliqn
696 659 791 762 merlus
801 720 832 767 14

8 797 54 830 eas
69 786 103 832 et
116 779 196 848 Elegi
208 778 257 831 sub
266 781 322 848 ejus
334 778 422 846 titulo,
430 784 457 832 et
466 777 586 848 Epistola
592 779 791 848 prosaoratione

8 850 59 901 rasi
80 849 297 902 commendantis
315 865 342 901 se
360 848 516 902 Maecenati:
534 849 579 900 sed
597 854 708 917 utraque
724 848 792 900 falsa

8 927 66 983 lto;
94 935 164 970 nam
182 918 259 986 Elegi
278 917 407 986 vulgares,
427 918 547 987 Epistola
567 918 648 970 etiam
666 917 791 971 obscura:

8 1005 31 1040 ιο
56 987 133 1042 vitio
153 987 264 1040 minime
284 987 430 1041 tenebatur.
465 987 551 1040 Natus
570 992 610 1041 est
634 993 708 1040 sexto
727 987 791 1040 Idus
801 992 831 1038 15

8 1058 158 1122 soembres,
183 1057 264 1109 Lucio
289 1056 365 1110 Cotta
389 1063 416 1110 et
439 1057 521 1109 Irucio
544 1056 676 1126 Torquato
699 1073 792 1109 consu-

8 1135 81 1179 ηιμ.
134 1126 253 1179 Decessit
284 1127 377 1196 quinto
397 1126 531 1180 Kalendas
550 1125 711 1191 Decembres,
729 1125 791 1178 (laio
802 1129 832 1176 16

8 1195 88 1250 arcio
116 1195 259 1249 Censorino
282 1202 309 1249 et
334 1196 396 1248 Caio
413 1195 505 1248 Asinio
523 1195 598 1248 Gallo
619 1195 791 1260 consulibus⁰,

8 1272 40 1316 st
62 1265 214 1334 septimum
238 1270 265 1317 et
290 1265 539 1335 quinquagesimm
561 1281 669 1330 annum,
688 1262 792 1316 haeredc

8 1341 114 1402 ugusto
127 1334 218 1403 palam
230 1341 390 1403 nuncupato,
403 1352 493 1404 quum,
501 1340 613 1402 urgente
625 1334 653 1386 vi
663 1333 793 1386 valetudi-

8 1422 28 1469 s,
43 1421 106 1457 non
119 1403 251 1456 sufficeret
268 1404 303 1456 ad
321 1403 494 1472 obsignandas
511 1403 664 1456 testamenti
680 1400 792 1456 tabulas.

8 1479 128 1526 umatus
153 1478 181 1526 et
204 1473 327 1526 conditus
350 1480 391 1526 est
414 1473 539 1527 extremis
562 1472 696 1544 Esquiliis,
710 1473 791 1542 juxta
802 1473 831 1527 17

8 1543 147 1597 secenatis
160 1543 304 1596 tumulum.

300 1713 319 1754 2
345 1714 487 1754 ANONYMI.

17 1795 145 1855 Quintus
167 1794 292 1850 Horatius
310 1795 423 1862 Flaccus,
445 1795 564 1851 libertino
580 1799 653 1868 patre
670 1798 746 1852 natus
763 1795 814 1853 inl

8 1867 95 1937 palia,
117 1883 179 1921 oum
195 1869 300 1936 parente
317 1866 346 1920 in
366 1866 473 1922 Sabinos
491 1865 580 1922 comm'
613 1865 672 1921 avit.
706 1867 815 1926 Quema

8 1955 45 1991 rm
63 1937 146 2008 pater
162 1952 271 2006 puerum
286 1936 396 1991 Romam
415 1935 528 1990 misisset
545 1935 573 1990 in
598 1937 679 1990 udum
695 1934 792 1991 littera·

8 2025 60 2071 um,
88 2003 246 2076 parcissimis
270 2005 386 2061 eruditus
409 2004 537 2077 impensis,
562 2005 693 2076 angustias
710 2005 792 2076 patris

8 2077 48 2130 ,cit
64 2073 181 2147 ingenio,
193 2074 272 2130 coluit
288 2093 322 2130 ue
337 2075 481 2130 adolescens
493 2075 611 2140 Brutum,
625 2074 673 2130 snb
701 2092 735 2128 uo
747 2074 792 2130 tri-

8 2165 75 2200 unus
88 2144 281 2200 militumcivili
307 2145 495 2201 ellomilitsvit:
515 2147 680 2216 captusquea
714 2163 792 2200 aesare

8 2221 45 2271 ist
67 2214 183 2270 multum
199 2217 310 2287 tempus,
331 2215 452 2272 beneficio
472 2214 622 2270 Maecenatis
639 2232 692 2268 non
709 2215 790 2270 solum

8 2289 118 2350 erratus,
127 2283 291 2340 sedetiamin
300 2286 436 2342 amicitiem
444 2289 561 2356 receptus
570 2289 624 2352 est3
638 2288 792 2356 quapropter

8 2354 131 2411 [aeoenati
148 2357 175 2409 et
192 2355 313 2427 Augusto
336 2354 364 2410 in
386 2354 503 2410 omnibus
527 2353 628 2426 scriptis
647 2354 699 2410 suis
717 2372 791 2410 vene·

8 2425 106 2481 abiliter
124 2423 243 2496 assurgit.
289 2424 396 2496 Scripsit
414 2429 500 2479 autem
517 2423 665 2479 carminum
684 2422 727 2477 lib.
747 2423 816 2492 iv.,³

13 2520 792 2574 ¹A.1J.o.sss;a,css;ernoncemmaalsspoaltts

8 2575 162 2628 patarea.

14 2625 297 2673 annotasset.
