1858 2874
225 137 422 194 cosumus
441 135 493 189 111.
511 139 536 201 4,
554 139 578 187 s.

84 251 152 304 Auro
163 263 289 318 repensus
302 245 401 298 sufficet
413 243 497 295 aerior

84 321 158 374 Miles
170 316 275 370 redibit
312 313 427 381 Flagitio
440 309 537 364 additis

9 437 10 440 ,
113 390 262 442 Damnum:
280 399 366 451 neque
378 382 484 433 amissos
497 379 593 431 colores

149 457 224 509 Isana
234 454 316 506 refert
327 450 458 503 medicata
469 449 538 515 fuco,

83 525 135 579 Nee
147 543 209 579 veru
221 525 314 586 virtus,
327 537 410 590 quum
422 518 501 572 semel
514 516 621 582 excidit,

84 595 161 648 curas
173 593 266 662 reponi
278 587 457 643 deterioribus.

116 664 145 718 si
155 667 260 732 pugnat
272 659 403 712 extricata
415 657 500 709 densis

9 799 10 802 Ἴ
153 732 236 786 Gerra
248 729 342 798 plagis,
354 728 405 779 erit
415 726 461 778 ille
473 725 557 792 fortis,

9 805 10 808 ’
86 801 136 866 Qui
147 800 255 870 perfidis
268 815 295 850 se
307 796 419 850 eredidit
430 795 556 860 hostibus,

9 873 10 878 ’
86 871 120 924 Et
131 871 220 923 Marte
232 868 326 920 Poenos
339 869 455 935 proteret
467 864 558 931 altero,

119 939 171 1005 Qui
183 938 240 990 lora
251 935 378 988 restrictis
390 933 495 986 lacertis

154 1007 242 1061 Sensit
253 1007 323 1057 iners
335 1003 478 1072 timuitque
489 1003 607 1054 mortem.

86 1078 146 1145 Hic,
157 1075 230 1129 unde
242 1075 326 1127 sitem
338 1075 459 1137 sumeret,
471 1071 570 1123 inscius

85 1147 181 1200 Pacem
193 1144 281 1197 duello
293 1142 406 1194 miscuit.
443 1139 465 1193 0
478 1140 575 1208 pudor!

119 1215 142 1268 0
154 1231 252 1282 magna
265 1211 403 1278 Carthago,
415 1208 544 1278 probrosis

155 1284 242 1336 Altior
254 1281 341 1334 italiae
352 1279 436 1332 ruinis
444 1279 469 1333 !’'

86 1353 183 1406 Fertur
195 1351 298 1420 pudioae
311 1347 430 1417 conjugis
442 1345 561 1400 osculum

84 1422 236 1490 Parvosque
247 1424 331 1486 natos,
343 1423 375 1470 ut
387 1416 481 1498 eapitis
492 1416 586 1482 minor,

119 1489 163 1544 Ab
175 1508 202 1542 se
213 1489 352 1542 removisse
364 1491 392 1539 et
403 1485 507 1538 virilem

155 1559 255 1612 Torvus
267 1556 342 1609 humi
353 1555 470 1624 posuisse
481 1553 600 1606 vultum:

84 1628 175 1682 Donec
187 1627 306 1680 labentes
319 1625 426 1678 oonsilio
438 1627 526 1690 patres

86 1698 218 1751 Firmaret
230 1700 321 1748 auctor
332 1709 471 1761 nunquam
483 1692 548 1744 alias
561 1690 630 1758 dato,

122 1768 249 1834 Interque
260 1769 399 1816 maerentes
412 1762 508 1815 amicos

157 1834 287 1903 Egregius
298 1837 451 1902 properaret
464 1830 545 1883 exsul.

88 1905 173 1973 Atqui
185 1903 284 1956 sciebat
296 1919 355 1972 quae
368 1901 418 1954 sibi
429 1899 556 1951 barbarus

88 1975 182 2027 Tortor
194 1977 314 2040 pararet3
332 1987 385 2022 non
398 1969 475 2022 eliter
487 1974 577 2019 temen

121 2041 243 2095 Dimovit
255 2039 388 2092 obstantes
400 2037 559 2106 propinquos

158 2111 195 2163 Et
207 2109 334 2228 populum
345 2107 446 2160 reditus
458 2109 611 2169 morantem,

89 2180 175 2245 Quam
187 2179 210 2230 si
222 2195 236 2230 c
258 2182 350 2230 entum
360 2177 441 2242 longa
453 2172 560 2242 negotia

88 2247 245 2317 Dijudioata
256 2246 303 2298 lite
315 2246 482 2313 relinqueret,

125 2317 246 2370 Tendens
259 2315 422 2367 Venafranos
433 2313 462 2363 in
475 2326 550 2378 agros

161 2388 218 2438 Aut
229 2383 457 2438 Lacedaemonium
468 2381 619 2433 Tarentum.
