1866 2874
418 117 571 172 floussn

175 219 346 290 Imloortunus
357 219 429 272 enim
439 219 586 273 transvolet
598 219 685 273 eridoe

176 289 299 356 Quercus,
312 293 340 342 et
351 287 450 356 refugit
462 293 497 354 te,
510 287 572 356 quie
583 287 665 341 luridi
869 294 902 341 10

209 357 317 424 Dentes,
328 361 356 410 te
367 357 430 425 quie
441 373 514 423 rugae

246 426 367 494 'l'urpeut
378 430 405 478 et
417 425 512 493 cepitis
524 425 611 489 nives;

177 494 232 548 Nec
244 493 302 547 00ae
313 494 431 546 referunt
439 495 497 561 jem
509 494 559 546 tibi
570 509 694 562 purpure

177 563 233 617 Nec
244 562 310 616 oleri
321 561 421 630 lapides
433 567 558 630 tempora,
571 579 630 630 quae
642 562 721 615 semel

211 631 288 685 Notis
300 631 406 684 condite
417 630 493 683 festis

247 699 360 753 Inclusit
372 699 485 752 volueris
497 699 559 752 dies.
646 745 648 750 .

179 768 236 833 Quo
247 769 319 836 fugit
331 768 428 834 Venus,
440 767 501 834 heu,
514 785 597 836 quove
608 769 678 822 oolor
690 768 808 823 decenus
824 771 834 826 l

178 837 236 903 Quo
247 835 354 889 motus?
371 836 435 905 quid
447 836 528 889 hebes
539 837 619 906 illius,
630 838 710 905 illius,

214 906 278 971 Quae
290 904 406 974 spirabat
418 921 526 973 amores,

247 973 312 1038 Qum
323 990 366 1026 me
378 974 601 1042 surpueretmibi,
867 978 901 1028 20

178 1040 257 1094 Felix
268 1047 327 1110 post
361 1043 366 1054 '
445 1106 449 1116 A
480 1048 595 1111 notaque
607 1041 744 1096 sturbium

180 1109 320 1164 Gruterum
331 1109 428 1164 facies?
480 1111 498 1162 d
511 1111 611 1166 Oiuurae
623 1111 713 1164 breves

212 1177 303 1232 Annos
315 1179 373 1232 feto
384 1179 520 1246 dederunt,

248 1246 388 1301 Servatum
399 1247 447 1299 diu
458 1265 549 1316 perem

120 1337 133 1344 ··
179 1315 294 1369 Cornicis
305 1316 401 1370 vetulae
413 1315 573 1384 temporibus
585 1315 682 1383 Lycen,

180 1383 290 1438 Possent
301 1389 333 1437 ut
341 1387 452 1454 juvenes
465 1385 548 1438 risere
559 1383 654 1436 fervidi

213 1452 301 1506 Multo
313 1469 367 1506 non
378 1454 434 1506 sine
446 1453 502 1504 risu

247 1520 385 1592 Dilepsem
397 1523 426 1574 in
438 1522 537 1575 cineres
548 1521 640 1575 feoem.

264 1685 413 1742 GARMEN
431 1688 576 1742 XIV.-so
589 1702 748 1743 suousruu.

183 1795 251 1860 Qum
263 1814 327 1852 oure
338 1803 445 1868 petrum
456 1815 547 1868 quaeve
561 1799 705 1864 Quiritium

180 1864 270 1919 Plenis
281 1867 410 1920 honorum
421 1867 574 1921 muneribus
587 1874 653 1934 tuas,

215 1935 343 2004 Auguste,
355 1937 468 1990 virtutes
479 1937 509 1988 in
521 1953 607 1989 oevum

251 2004 302 2058 Per
313 2005 405 2058 titulos
416 2021 593 2073 memoresque
604 2004 685 2058 festos

180 2071 310 2141 AEtemet,
322 2089 345 2141 o,
358 2090 410 2142 que
422 2074 459 2126 sol
471 2072 627 2127 habitabiles

182 2140 304 2194 Illustrat
316 2158 380 2208 ores,
392 2142 508 2195 mexime
537 2141 669 2210 rinoipum
676 2143 720 2196 l·-

217 2210 302 2275 Quem
312 2210 379 2330 leffe
391 2227 424 2263 ex
458 2216 511 2263 rtes
545 2211 626 2263 atinae

252 2278 339 2331 Vinde
352 2279 385 2331 'oi
397 2279 425 2331 di
443 2280 511 2332 ioere
522 2295 613 2348 nuper,

183 2345 253 2410 Quid
265 2346 352 2398 Marte
364 2363 466 2414 posses;
483 2347 568 2399 milite
580 2363 643 2400 nem
654 2350 702 2399 tuo
916 2397 917 2419 χ

184 2411 286 2464 Drusus
298 2411 444 2480 Geneunos,
455 2415 628 2483 implacidum
638 2431 731 2484 genus,
878 2419 909 2468 10

218 2479 388 2544 Breunosque
399 2481 499 2535 veloces
510 2488 538 2534 et
550 2500 621 2536 eroes

253 2543 365 2611 Alpibus
377 2546 511 2614 impositus
523 2551 666 2604 tremendis

417 2635 428 2664 P
441 2634 513 2674 color?
525 2635 600 2676 deosne
