<?xml version="1.0" encoding="UTF-8"?>
<!DOCTYPE html PUBLIC "-//W3C//DTD XHTML 1.0 Transitional//EN"
    "http://www.w3.org/TR/xhtml1/DTD/xhtml1-transitional.dtd">
<html xmlns="http://www.w3.org/1999/xhtml" xml:lang="en" lang="en">
 <head>
  <title>
</title>
<meta http-equiv="Content-Type" content="text/html;charset=utf-8" />
  <meta name='ocr-system' content='tesseract 3.04.00' />
  <meta name='ocr-capabilities' content='ocr_page ocr_carea ocr_par ocr_line ocrx_word'/>
</head>
<body>
  <div class='ocr_page' id='page_1' title='image "./qhoratiiflaccio02horagoog_0262.png"; bbox 0 0 1908 2886; ppageno 0'>
   <div class='ocr_carea' id='block_1_1' title="bbox 9 83 800 178">
    <p class='ocr_par' dir='ltr' id='par_1_1' title="bbox 9 83 800 178">
     <span class='ocr_line' id='line_1_1' title="bbox 9 83 800 178; baseline -0.006 -1"><span class='ocrx_word' id='word_1_1' title='bbox 9 83 11 152; x_wconf 77' lang='lat' dir='ltr'>l</span> <span class='ocrx_word' id='word_1_2' title='bbox 289 123 356 178; x_wconf 78' lang='lat' dir='ltr'>sus</span> <span class='ocrx_word' id='word_1_3' title='bbox 374 121 533 176; x_wconf 79' lang='lat' dir='ltr'>ronmor.</span> <span class='ocrx_word' id='word_1_4' title='bbox 749 119 800 173; x_wconf 79' lang='lat' dir='ltr'>mr</span> 
     </span>
    </p>
   </div>
   <div class='ocr_carea' id='block_1_2' title="bbox 9 209 808 2713">
    <p class='ocr_par' dir='ltr' id='par_1_2' title="bbox 9 209 760 494">
     <span class='ocr_line' id='line_1_2' title="bbox 9 209 687 287; baseline 0.006 -19"><span class='ocrx_word' id='word_1_5' title='bbox 9 209 10 268; x_wconf 70' lang='lat' dir='ltr'>l</span> <span class='ocrx_word' id='word_1_6' title='bbox 27 215 56 268; x_wconf 83' lang='lat' dir='ltr'>Et</span> <span class='ocrx_word' id='word_1_7' title='bbox 67 217 183 285; x_wconf 79' lang='lat' dir='ltr'>tragicus</span> <span class='ocrx_word' id='word_1_8' title='bbox 194 216 349 286; x_wconf 86' lang='lat' dir='ltr'>plerumque</span> <span class='ocrx_word' id='word_1_9' title='bbox 361 217 432 271; x_wconf 84' lang='lat' dir='ltr'>dolet</span> <span class='ocrx_word' id='word_1_10' title='bbox 444 235 560 271; x_wconf 76' lang='lat' dir='ltr'>sermone</span> <span class='ocrx_word' id='word_1_11' title='bbox 572 216 687 287; x_wconf 75' lang='lat' dir='ltr'>pedestri</span> 
     </span>
     <span class='ocr_line' id='line_1_3' title="bbox 9 285 760 357; baseline 0.008 -21"><span class='ocrx_word' id='word_1_12' title='bbox 9 295 10 310; x_wconf 67' lang='lat'>¹</span> <span class='ocrx_word' id='word_1_13' title='bbox 27 285 151 355; x_wconf 78' lang='lat' dir='ltr'>Telephus</span> <span class='ocrx_word' id='word_1_14' title='bbox 164 293 191 338; x_wconf 87' lang='lat' dir='ltr'>ct</span> <span class='ocrx_word' id='word_1_15' title='bbox 204 287 305 353; x_wconf 77' lang='lat' dir='ltr'>Peleus,</span> <span class='ocrx_word' id='word_1_16' title='bbox 318 305 399 356; x_wconf 91' lang='lat' dir='ltr'>quum</span> <span class='ocrx_word' id='word_1_17' title='bbox 411 305 512 355; x_wconf 76' lang='lat' dir='ltr'>pauper</span> <span class='ocrx_word' id='word_1_18' title='bbox 523 294 549 340; x_wconf 89' lang='lat' dir='ltr'>et</span> <span class='ocrx_word' id='word_1_19' title='bbox 562 288 638 340; x_wconf 80' lang='lat' dir='ltr'>exsul</span> <span class='ocrx_word' id='word_1_20' title='bbox 649 294 760 357; x_wconf 83' lang='lat' dir='ltr'>uterque</span> 
     </span>
     <span class='ocr_line' id='line_1_4' title="bbox 28 355 613 424; baseline 0.005 -19"><span class='ocrx_word' id='word_1_21' title='bbox 28 355 131 423; x_wconf 88' lang='lat' dir='ltr'>Projicit</span> <span class='ocrx_word' id='word_1_22' title='bbox 143 356 274 424; x_wconf 61' lang='lat' dir='ltr'>ampullis</span> <span class='ocrx_word' id='word_1_23' title='bbox 286 364 314 409; x_wconf 90' lang='lat' dir='ltr'>et</span> <span class='ocrx_word' id='word_1_24' title='bbox 326 357 516 424; x_wconf 76' lang='lat' dir='ltr'>sesquipedalia</span> <span class='ocrx_word' id='word_1_25' title='bbox 527 356 613 423; x_wconf 78' lang='lat' dir='ltr'>verbe,</span> 
     </span>
     <span class='ocr_line' id='line_1_5' title="bbox 9 424 604 494; baseline 0.007 -19"><span class='ocrx_word' id='word_1_26' title='bbox 9 425 10 430; x_wconf 75' lang='grc'>’</span> <span class='ocrx_word' id='word_1_27' title='bbox 28 424 50 475; x_wconf 85' lang='lat' dir='ltr'>Si</span> <span class='ocrx_word' id='word_1_28' title='bbox 63 432 138 477; x_wconf 82' lang='lat' dir='ltr'>curet</span> <span class='ocrx_word' id='word_1_29' title='bbox 150 442 194 476; x_wconf 91' lang='lat' dir='ltr'>cor</span> <span class='ocrx_word' id='word_1_30' title='bbox 206 426 349 493; x_wconf 69' lang='lat' dir='ltr'>spectantis</span> <span class='ocrx_word' id='word_1_31' title='bbox 362 426 479 492; x_wconf 85' lang='lat' dir='ltr'>tetigisse</span> <span class='ocrx_word' id='word_1_32' title='bbox 491 426 604 494; x_wconf 79' lang='lat' dir='ltr'>querele.</span> 
     </span>
    </p>

    <p class='ocr_par' dir='ltr' id='par_1_3' title="bbox 9 493 806 699">
     <span class='ocr_line' id='line_1_6' title="bbox 27 493 743 564; baseline 0.01 -21"><span class='ocrx_word' id='word_1_33' title='bbox 27 493 79 545; x_wconf 79' lang='lat' dir='ltr'>l&#39;ou</span> <span class='ocrx_word' id='word_1_34' title='bbox 92 494 157 546; x_wconf 79' lang='lat' dir='ltr'>setis</span> <span class='ocrx_word' id='word_1_35' title='bbox 170 502 210 546; x_wconf 88' lang='lat' dir='ltr'>est</span> <span class='ocrx_word' id='word_1_36' title='bbox 222 495 333 562; x_wconf 83' lang='lat' dir='ltr'>pulchre</span> <span class='ocrx_word' id='word_1_37' title='bbox 345 512 399 546; x_wconf 88' lang='lat' dir='ltr'>esse</span> <span class='ocrx_word' id='word_1_38' title='bbox 411 497 547 564; x_wconf 73' lang='lat' dir='ltr'>poematu3</span> <span class='ocrx_word' id='word_1_39' title='bbox 565 495 654 548; x_wconf 77' lang='lat' dir='ltr'>dulcio</span> <span class='ocrx_word' id='word_1_40' title='bbox 666 500 743 550; x_wconf 79' lang='lat' dir='ltr'>sunto</span> 
     </span>
     <span class='ocr_line' id='line_1_7' title="bbox 9 562 806 634; baseline 0.009 -21"><span class='ocrx_word' id='word_1_41' title='bbox 9 627 10 632; x_wconf 9' lang='grc' dir='ltr'><strong>Ἰ</strong></span> <span class='ocrx_word' id='word_1_42' title='bbox 27 562 55 614; x_wconf 85' lang='lat' dir='ltr'>llt</span> <span class='ocrx_word' id='word_1_43' title='bbox 67 581 224 631; x_wconf 84' lang='lat' dir='ltr'>quocunque</span> <span class='ocrx_word' id='word_1_44' title='bbox 237 564 325 617; x_wconf 83' lang='lat' dir='ltr'>volent</span> <span class='ocrx_word' id='word_1_45' title='bbox 337 565 455 616; x_wconf 78' lang='lat' dir='ltr'>animum</span> <span class='ocrx_word' id='word_1_46' title='bbox 467 564 593 616; x_wconf 75' lang='lat' dir='ltr'>auditoris</span> <span class='ocrx_word' id='word_1_47' title='bbox 605 573 711 634; x_wconf 61' lang='lat' dir='ltr'>agunto.</span> <span class='ocrx_word' id='word_1_48' title='bbox 756 567 806 619; x_wconf 88' lang='lat'>100</span> 
     </span>
     <span class='ocr_line' id='line_1_8' title="bbox 27 631 646 699; baseline 0.005 -16"><span class='ocrx_word' id='word_1_49' title='bbox 27 631 56 684; x_wconf 83' lang='lat' dir='ltr'>Ut</span> <span class='ocrx_word' id='word_1_50' title='bbox 68 632 217 685; x_wconf 82' lang='lat' dir='ltr'>ridentibus</span> <span class='ocrx_word' id='word_1_51' title='bbox 230 633 352 699; x_wconf 75' lang='lat' dir='ltr'>arrident,</span> <span class='ocrx_word' id='word_1_52' title='bbox 365 632 403 685; x_wconf 78' lang='lat' dir='ltr'>itu</span> <span class='ocrx_word' id='word_1_53' title='bbox 415 633 538 685; x_wconf 87' lang='lat' dir='ltr'>flentibus</span> <span class='ocrx_word' id='word_1_54' title='bbox 550 634 646 687; x_wconf 75' lang='lat' dir='ltr'>adsunt</span> 
     </span>
    </p>

    <p class='ocr_par' dir='ltr' id='par_1_4' title="bbox 9 699 746 842">
     <span class='ocr_line' id='line_1_9' title="bbox 9 699 685 769; baseline 0.004 -17"><span class='ocrx_word' id='word_1_55' title='bbox 9 699 10 704; x_wconf 70' lang='grc'>’</span> <span class='ocrx_word' id='word_1_56' title='bbox 26 701 140 754; x_wconf 74' lang='lat' dir='ltr'>Humani</span> <span class='ocrx_word' id='word_1_57' title='bbox 152 702 255 754; x_wconf 74' lang='lat' dir='ltr'>vultus:</span> <span class='ocrx_word' id='word_1_58' title='bbox 274 703 296 754; x_wconf 92' lang='lat' dir='ltr'>si</span> <span class='ocrx_word' id='word_1_59' title='bbox 308 703 347 755; x_wconf 81' lang='lat' dir='ltr'>rie</span> <span class='ocrx_word' id='word_1_60' title='bbox 359 720 401 754; x_wconf 91' lang='lat' dir='ltr'>me</span> <span class='ocrx_word' id='word_1_61' title='bbox 413 703 480 769; x_wconf 88' lang='lat' dir='ltr'>flere,</span> <span class='ocrx_word' id='word_1_62' title='bbox 493 703 634 755; x_wconf 87' lang='lat' dir='ltr'>dolendum</span> <span class='ocrx_word' id='word_1_63' title='bbox 645 709 685 756; x_wconf 87' lang='lat' dir='ltr'>est</span> 
     </span>
     <span class='ocr_line' id='line_1_10' title="bbox 26 770 746 842; baseline 0.004 -20"><span class='ocrx_word' id='word_1_64' title='bbox 26 770 139 822; x_wconf 84' lang='lat' dir='ltr'>Primum</span> <span class='ocrx_word' id='word_1_65' title='bbox 152 771 202 838; x_wconf 86' lang='lat' dir='ltr'>ipsi</span> <span class='ocrx_word' id='word_1_66' title='bbox 215 771 278 835; x_wconf 87' lang='lat' dir='ltr'>tibi;</span> <span class='ocrx_word' id='word_1_67' title='bbox 297 777 360 824; x_wconf 86' lang='lat' dir='ltr'>tune</span> <span class='ocrx_word' id='word_1_68' title='bbox 372 777 421 824; x_wconf 82' lang='lat' dir='ltr'>tue</span> <span class='ocrx_word' id='word_1_69' title='bbox 432 789 473 824; x_wconf 89' lang='lat' dir='ltr'>me</span> <span class='ocrx_word' id='word_1_70' title='bbox 485 773 630 824; x_wconf 78' lang='lat' dir='ltr'>infortunio</span> <span class='ocrx_word' id='word_1_71' title='bbox 641 773 746 842; x_wconf 84' lang='lat' dir='ltr'>laedent,</span> 
     </span>
    </p>

    <p class='ocr_par' dir='ltr' id='par_1_5' title="bbox 9 839 683 910">
     <span class='ocr_line' id='line_1_11' title="bbox 9 839 683 910; baseline 0.003 -18"><span class='ocrx_word' id='word_1_72' title='bbox 9 899 10 904; x_wconf 65' lang='lat'>,</span> <span class='ocrx_word' id='word_1_73' title='bbox 26 839 134 908; x_wconf 80' lang='lat' dir='ltr'>Telephe</span> <span class='ocrx_word' id='word_1_74' title='bbox 147 840 187 892; x_wconf 87' lang='lat' dir='ltr'>vel</span> <span class='ocrx_word' id='word_1_75' title='bbox 202 840 295 894; x_wconf 90' lang='lat' dir='ltr'>Peleu:</span> <span class='ocrx_word' id='word_1_76' title='bbox 313 841 382 894; x_wconf 85' lang='lat' dir='ltr'>mele</span> <span class='ocrx_word' id='word_1_77' title='bbox 394 842 416 893; x_wconf 89' lang='lat' dir='ltr'>si</span> <span class='ocrx_word' id='word_1_78' title='bbox 427 842 553 894; x_wconf 79' lang='lat' dir='ltr'>mandate</span> <span class='ocrx_word' id='word_1_79' title='bbox 564 841 683 910; x_wconf 85' lang='lat' dir='ltr'>loqueris,</span> 
     </span>
    </p>

    <p class='ocr_par' dir='ltr' id='par_1_6' title="bbox 9 909 664 964">
     <span class='ocr_line' id='line_1_12' title="bbox 9 909 664 964; baseline 0.003 -4"><span class='ocrx_word' id='word_1_80' title='bbox 9 957 10 960; x_wconf 76' lang='grc'>,</span> <span class='ocrx_word' id='word_1_81' title='bbox 26 909 73 962; x_wconf 84' lang='lat' dir='ltr'>lut</span> <span class='ocrx_word' id='word_1_82' title='bbox 86 910 235 964; x_wconf 76' lang='lat' dir='ltr'>dormitabo</span> <span class='ocrx_word' id='word_1_83' title='bbox 247 917 294 962; x_wconf 88' lang='lat' dir='ltr'>aut</span> <span class='ocrx_word' id='word_1_84' title='bbox 305 910 401 963; x_wconf 83' lang='lat' dir='ltr'>ridebo.</span> <span class='ocrx_word' id='word_1_85' title='bbox 436 911 532 963; x_wconf 73' lang='lat' dir='ltr'>Tristia</span> <span class='ocrx_word' id='word_1_86' title='bbox 543 918 664 964; x_wconf 73' lang='lat' dir='ltr'>mestum</span> 
     </span>
    </p>

    <p class='ocr_par' dir='ltr' id='par_1_7' title="bbox 27 977 688 1112">
     <span class='ocr_line' id='line_1_13' title="bbox 27 977 688 1050; baseline 0.008 -22"><span class='ocrx_word' id='word_1_87' title='bbox 27 977 134 1032; x_wconf 81' lang='lat' dir='ltr'>Vultum</span> <span class='ocrx_word' id='word_1_88' title='bbox 147 979 226 1031; x_wconf 80' lang='lat' dir='ltr'>rerba</span> <span class='ocrx_word' id='word_1_89' title='bbox 239 979 339 1045; x_wconf 89' lang='lat' dir='ltr'>decent,</span> <span class='ocrx_word' id='word_1_90' title='bbox 351 980 449 1031; x_wconf 84' lang='lat' dir='ltr'>iratum</span> <span class='ocrx_word' id='word_1_91' title='bbox 461 980 540 1047; x_wconf 79' lang='lat' dir='ltr'>plene</span> <span class='ocrx_word' id='word_1_92' title='bbox 551 980 688 1050; x_wconf 77' lang='lat' dir='ltr'>minarum,</span> 
     </span>
     <span class='ocr_line' id='line_1_14' title="bbox 27 1046 586 1112; baseline 0.007 -13"><span class='ocrx_word' id='word_1_93' title='bbox 27 1046 168 1104; x_wconf 87' lang='lat' dir='ltr'>ludentem</span> <span class='ocrx_word' id='word_1_94' title='bbox 180 1049 285 1112; x_wconf 82' lang='lat' dir='ltr'>lesciva,</span> <span class='ocrx_word' id='word_1_95' title='bbox 298 1067 415 1102; x_wconf 76' lang='lat' dir='ltr'>severum</span> <span class='ocrx_word' id='word_1_96' title='bbox 427 1051 493 1101; x_wconf 80' lang='lat' dir='ltr'>serie</span> <span class='ocrx_word' id='word_1_97' title='bbox 505 1049 586 1103; x_wconf 88' lang='lat' dir='ltr'>dictu.</span> 
     </span>
    </p>

    <p class='ocr_par' dir='ltr' id='par_1_8' title="bbox 26 1116 705 1186">
     <span class='ocr_line' id='line_1_15' title="bbox 26 1116 705 1186; baseline 0.007 -20"><span class='ocrx_word' id='word_1_98' title='bbox 26 1116 127 1170; x_wconf 72' lang='lat' dir='ltr'>llormst</span> <span class='ocrx_word' id='word_1_99' title='bbox 140 1118 211 1169; x_wconf 89' lang='lat' dir='ltr'>enim</span> <span class='ocrx_word' id='word_1_100' title='bbox 223 1127 318 1170; x_wconf 77' lang='lat' dir='ltr'>nature</span> <span class='ocrx_word' id='word_1_101' title='bbox 330 1119 402 1186; x_wconf 84' lang='lat' dir='ltr'>prius</span> <span class='ocrx_word' id='word_1_102' title='bbox 414 1136 460 1170; x_wconf 88' lang='lat' dir='ltr'>nos</span> <span class='ocrx_word' id='word_1_103' title='bbox 472 1119 544 1170; x_wconf 87' lang='lat' dir='ltr'>intus</span> <span class='ocrx_word' id='word_1_104' title='bbox 556 1119 590 1170; x_wconf 83' lang='lat' dir='ltr'>ud</span> <span class='ocrx_word' id='word_1_105' title='bbox 601 1137 705 1172; x_wconf 85' lang='lat' dir='ltr'>omnem</span> 
     </span>
    </p>

    <p class='ocr_par' dir='ltr' id='par_1_9' title="bbox 9 1184 742 1269">
     <span class='ocr_line' id='line_1_16' title="bbox 9 1184 742 1269; baseline 0.008 -33"><span class='ocrx_word' id='word_1_106' title='bbox 9 1253 11 1260; x_wconf 28' lang='lat'>¹</span> <span class='ocrx_word' id='word_1_107' title='bbox 26 1184 197 1240; x_wconf 72' lang='lat' dir='ltr'>Fortunarum</span> <span class='ocrx_word' id='word_1_108' title='bbox 210 1187 344 1251; x_wconf 68' lang='lat' dir='ltr'>habitum</span> <span class='ocrx_word' id='word_1_109' title='bbox 357 1189 436 1256; x_wconf 78' lang='lat' dir='ltr'>juvet</span> <span class='ocrx_word' id='word_1_110' title='bbox 448 1194 495 1240; x_wconf 87' lang='lat' dir='ltr'>eut</span> <span class='ocrx_word' id='word_1_111' title='bbox 506 1188 619 1269; x_wconf 81' lang='lat' dir='ltr'>impellit</span> <span class='ocrx_word' id='word_1_112' title='bbox 631 1189 664 1240; x_wconf 80' lang='lat' dir='ltr'>ed</span> <span class='ocrx_word' id='word_1_113' title='bbox 676 1190 742 1242; x_wconf 84' lang='lat' dir='ltr'>irem</span> 
     </span>
    </p>

    <p class='ocr_par' dir='ltr' id='par_1_10' title="bbox 25 1256 808 1395">
     <span class='ocr_line' id='line_1_17' title="bbox 25 1256 808 1326; baseline 0.006 -20"><span class='ocrx_word' id='word_1_114' title='bbox 25 1259 69 1309; x_wconf 84' lang='lat' dir='ltr'>Aut</span> <span class='ocrx_word' id='word_1_115' title='bbox 82 1257 119 1310; x_wconf 83' lang='lat' dir='ltr'>ad</span> <span class='ocrx_word' id='word_1_116' title='bbox 132 1256 243 1308; x_wconf 89' lang='lat' dir='ltr'>humum</span> <span class='ocrx_word' id='word_1_117' title='bbox 255 1274 360 1310; x_wconf 87' lang='lat' dir='ltr'>maerore</span> <span class='ocrx_word' id='word_1_118' title='bbox 372 1257 447 1324; x_wconf 74' lang='lat' dir='ltr'>gravi</span> <span class='ocrx_word' id='word_1_119' title='bbox 458 1257 565 1309; x_wconf 83' lang='lat' dir='ltr'>deducrt</span> <span class='ocrx_word' id='word_1_120' title='bbox 578 1264 604 1310; x_wconf 92' lang='lat' dir='ltr'>et</span> <span class='ocrx_word' id='word_1_121' title='bbox 616 1259 704 1326; x_wconf 80' lang='lat' dir='ltr'>engit3</span> <span class='ocrx_word' id='word_1_122' title='bbox 758 1261 808 1311; x_wconf 90' lang='lat'>110</span> 
     </span>
     <span class='ocr_line' id='line_1_18' title="bbox 26 1323 627 1395; baseline 0.002 -17"><span class='ocrx_word' id='word_1_123' title='bbox 26 1323 81 1379; x_wconf 88' lang='lat' dir='ltr'>Post</span> <span class='ocrx_word' id='word_1_124' title='bbox 94 1326 172 1378; x_wconf 86' lang='lat' dir='ltr'>effert</span> <span class='ocrx_word' id='word_1_125' title='bbox 185 1325 266 1378; x_wconf 85' lang='lat' dir='ltr'>enimi</span> <span class='ocrx_word' id='word_1_126' title='bbox 277 1335 363 1378; x_wconf 85' lang='lat' dir='ltr'>motus</span> <span class='ocrx_word' id='word_1_127' title='bbox 376 1327 517 1395; x_wconf 85' lang='lat' dir='ltr'>interprete</span> <span class='ocrx_word' id='word_1_128' title='bbox 529 1326 627 1395; x_wconf 67' lang='lat' dir='ltr'>lingue</span> 
     </span>
    </p>

    <p class='ocr_par' dir='ltr' id='par_1_11' title="bbox 25 1393 582 1463">
     <span class='ocr_line' id='line_1_19' title="bbox 25 1393 582 1463; baseline 0.004 -17"><span class='ocrx_word' id='word_1_129' title='bbox 25 1393 46 1447; x_wconf 81' lang='lat' dir='ltr'>Si</span> <span class='ocrx_word' id='word_1_130' title='bbox 57 1395 174 1449; x_wconf 88' lang='lat' dir='ltr'>dicentis</span> <span class='ocrx_word' id='word_1_131' title='bbox 186 1403 263 1448; x_wconf 87' lang='lat' dir='ltr'>erunt</span> <span class='ocrx_word' id='word_1_132' title='bbox 275 1396 386 1448; x_wconf 83' lang='lat' dir='ltr'>fortunis</span> <span class='ocrx_word' id='word_1_133' title='bbox 396 1395 491 1448; x_wconf 77' lang='lat' dir='ltr'>obsone</span> <span class='ocrx_word' id='word_1_134' title='bbox 503 1396 582 1463; x_wconf 75' lang='lat' dir='ltr'>dicte,</span> 
     </span>
    </p>

    <p class='ocr_par' dir='ltr' id='par_1_12' title="bbox 23 1463 737 1811">
     <span class='ocr_line' id='line_1_20' title="bbox 24 1463 737 1534; baseline 0 -18"><span class='ocrx_word' id='word_1_135' title='bbox 24 1463 132 1518; x_wconf 83' lang='lat' dir='ltr'>Romani</span> <span class='ocrx_word' id='word_1_136' title='bbox 147 1465 240 1517; x_wconf 87' lang='lat' dir='ltr'>tollent</span> <span class='ocrx_word' id='word_1_137' title='bbox 252 1465 351 1533; x_wconf 80' lang='lat' dir='ltr'>equites</span> <span class='ocrx_word' id='word_1_138' title='bbox 363 1465 514 1534; x_wconf 87' lang='lat' dir='ltr'>peditesque</span> <span class='ocrx_word' id='word_1_139' title='bbox 527 1465 690 1520; x_wconf 78' lang='lat' dir='ltr'>cachinnum.</span> <span class='ocrx_word' id='word_1_140' title='bbox 734 1489 737 1494; x_wconf 43' lang='lat'>¹</span> 
     </span>
     <span class='ocr_line' id='line_1_21' title="bbox 25 1531 667 1602; baseline 0.005 -19"><span class='ocrx_word' id='word_1_141' title='bbox 25 1531 145 1588; x_wconf 83' lang='lat' dir='ltr'>lutererit</span> <span class='ocrx_word' id='word_1_142' title='bbox 158 1533 272 1588; x_wconf 88' lang='lat' dir='ltr'>multum</span> <span class='ocrx_word' id='word_1_143' title='bbox 285 1535 394 1587; x_wconf 88' lang='lat' dir='ltr'>divusne</span> <span class='ocrx_word' id='word_1_144' title='bbox 405 1535 527 1602; x_wconf 80' lang='lat' dir='ltr'>loquetur</span> <span class='ocrx_word' id='word_1_145' title='bbox 539 1552 573 1586; x_wconf 83' lang='lat' dir='ltr'>en</span> <span class='ocrx_word' id='word_1_146' title='bbox 586 1535 667 1602; x_wconf 90' lang='lat' dir='ltr'>heros,</span> 
     </span>
     <span class='ocr_line' id='line_1_22' title="bbox 26 1601 657 1672; baseline 0.005 -19"><span class='ocrx_word' id='word_1_147' title='bbox 26 1601 179 1657; x_wconf 83' lang='lat' dir='ltr'>lleturusne</span> <span class='ocrx_word' id='word_1_148' title='bbox 193 1621 271 1656; x_wconf 85' lang='lat' dir='ltr'>senex</span> <span class='ocrx_word' id='word_1_149' title='bbox 284 1621 318 1656; x_wconf 81' lang='lat' dir='ltr'>en</span> <span class='ocrx_word' id='word_1_150' title='bbox 330 1604 416 1656; x_wconf 82' lang='lat' dir='ltr'>adhue</span> <span class='ocrx_word' id='word_1_151' title='bbox 428 1603 536 1656; x_wconf 86' lang='lat' dir='ltr'>florente</span> <span class='ocrx_word' id='word_1_152' title='bbox 545 1607 657 1672; x_wconf 82' lang='lat' dir='ltr'>juvente</span> 
     </span>
     <span class='ocr_line' id='line_1_23' title="bbox 25 1671 693 1742; baseline 0.006 -20"><span class='ocrx_word' id='word_1_153' title='bbox 25 1671 158 1740; x_wconf 84' lang='lat' dir='ltr'>Fervidus,</span> <span class='ocrx_word' id='word_1_154' title='bbox 170 1680 198 1726; x_wconf 89' lang='lat' dir='ltr'>et</span> <span class='ocrx_word' id='word_1_155' title='bbox 209 1680 328 1725; x_wconf 80' lang='lat' dir='ltr'>metrone</span> <span class='ocrx_word' id='word_1_156' title='bbox 340 1680 432 1740; x_wconf 89' lang='lat' dir='ltr'>potens</span> <span class='ocrx_word' id='word_1_157' title='bbox 445 1691 478 1726; x_wconf 82' lang='lat' dir='ltr'>en</span> <span class='ocrx_word' id='word_1_158' title='bbox 492 1674 582 1726; x_wconf 85' lang='lat' dir='ltr'>sedule</span> <span class='ocrx_word' id='word_1_159' title='bbox 593 1674 693 1742; x_wconf 85' lang='lat' dir='ltr'>nutrix,</span> 
     </span>
     <span class='ocr_line' id='line_1_24' title="bbox 23 1739 631 1811; baseline 0.003 -19"><span class='ocrx_word' id='word_1_160' title='bbox 23 1739 186 1795; x_wconf 81' lang='lat' dir='ltr'>Mercatorne</span> <span class='ocrx_word' id='word_1_161' title='bbox 199 1760 281 1810; x_wconf 80' lang='lat' dir='ltr'>vagus</span> <span class='ocrx_word' id='word_1_162' title='bbox 294 1742 412 1796; x_wconf 84' lang='lat' dir='ltr'>cultorne</span> <span class='ocrx_word' id='word_1_163' title='bbox 424 1743 533 1795; x_wconf 81' lang='lat' dir='ltr'>virentis</span> <span class='ocrx_word' id='word_1_164' title='bbox 545 1743 631 1811; x_wconf 81' lang='lat' dir='ltr'>agelli,</span> 
     </span>
    </p>

    <p class='ocr_par' dir='ltr' id='par_1_13' title="bbox 23 1809 697 1880">
     <span class='ocr_line' id='line_1_25' title="bbox 23 1809 697 1880; baseline 0.003 -18"><span class='ocrx_word' id='word_1_165' title='bbox 23 1809 131 1864; x_wconf 80' lang='lat' dir='ltr'>Colchus</span> <span class='ocrx_word' id='word_1_166' title='bbox 144 1829 180 1863; x_wconf 82' lang='lat' dir='ltr'>an</span> <span class='ocrx_word' id='word_1_167' title='bbox 193 1812 319 1878; x_wconf 79' lang='lat' dir='ltr'>Assyrius,</span> <span class='ocrx_word' id='word_1_168' title='bbox 332 1811 426 1864; x_wconf 74' lang='lat' dir='ltr'>Thebis</span> <span class='ocrx_word' id='word_1_169' title='bbox 438 1813 554 1864; x_wconf 85' lang='lat' dir='ltr'>nutritus</span> <span class='ocrx_word' id='word_1_170' title='bbox 566 1830 601 1864; x_wconf 86' lang='lat' dir='ltr'>en</span> <span class='ocrx_word' id='word_1_171' title='bbox 613 1813 697 1880; x_wconf 82' lang='lat' dir='ltr'>Argis.</span> 
     </span>
    </p>

    <p class='ocr_par' dir='ltr' id='par_1_14' title="bbox 21 1879 808 2088">
     <span class='ocr_line' id='line_1_26' title="bbox 23 1879 709 1949; baseline 0.003 -17"><span class='ocrx_word' id='word_1_172' title='bbox 23 1879 73 1934; x_wconf 79' lang='lat' dir='ltr'>lue</span> <span class='ocrx_word' id='word_1_173' title='bbox 85 1883 189 1934; x_wconf 78' lang='lat' dir='ltr'>sumam</span> <span class='ocrx_word' id='word_1_174' title='bbox 202 1898 307 1948; x_wconf 82' lang='lat' dir='ltr'>sequere</span> <span class='ocrx_word' id='word_1_175' title='bbox 319 1887 367 1933; x_wconf 84' lang='lat' dir='ltr'>eut</span> <span class='ocrx_word' id='word_1_176' title='bbox 379 1880 428 1933; x_wconf 88' lang='lat' dir='ltr'>sibi</span> <span class='ocrx_word' id='word_1_177' title='bbox 440 1882 622 1933; x_wconf 79' lang='lat' dir='ltr'>convenientia</span> <span class='ocrx_word' id='word_1_178' title='bbox 632 1881 709 1949; x_wconf 83' lang='lat' dir='ltr'>linge.</span> 
     </span>
     <span class='ocr_line' id='line_1_27' title="bbox 22 1947 808 2020; baseline -0.001 -18"><span class='ocrx_word' id='word_1_179' title='bbox 22 1947 136 2020; x_wconf 80' lang='lat' dir='ltr'>Scriptor</span> <span class='ocrx_word' id='word_1_180' title='bbox 148 1949 306 2002; x_wconf 73' lang='lat' dir='ltr'>honoratum</span> <span class='ocrx_word' id='word_1_181' title='bbox 319 1951 340 2002; x_wconf 89' lang='lat' dir='ltr'>si</span> <span class='ocrx_word' id='word_1_182' title='bbox 352 1951 419 2002; x_wconf 81' lang='lat' dir='ltr'>forte</span> <span class='ocrx_word' id='word_1_183' title='bbox 431 1951 533 2018; x_wconf 84' lang='lat' dir='ltr'>reponis</span> <span class='ocrx_word' id='word_1_184' title='bbox 546 1951 683 2018; x_wconf 83' lang='lat' dir='ltr'>Achillem,</span> <span class='ocrx_word' id='word_1_185' title='bbox 759 1953 808 2002; x_wconf 78' lang='lat'>120</span> 
     </span>
     <span class='ocr_line' id='line_1_28' title="bbox 21 2017 564 2088; baseline 0.002 -18"><span class='ocrx_word' id='word_1_186' title='bbox 21 2017 144 2088; x_wconf 83' lang='lat' dir='ltr'>Impiger,</span> <span class='ocrx_word' id='word_1_187' title='bbox 157 2019 306 2085; x_wconf 81' lang='lat' dir='ltr'>iracundus,</span> <span class='ocrx_word' id='word_1_188' title='bbox 317 2019 492 2087; x_wconf 78' lang='lat' dir='ltr'>inexorabilis,</span> <span class='ocrx_word' id='word_1_189' title='bbox 505 2037 564 2072; x_wconf 84' lang='lat' dir='ltr'>eoer</span> 
     </span>
    </p>

    <p class='ocr_par' dir='ltr' id='par_1_15' title="bbox 20 2087 680 2156">
     <span class='ocr_line' id='line_1_29' title="bbox 20 2087 680 2156; baseline 0.006 -18"><span class='ocrx_word' id='word_1_190' title='bbox 20 2087 86 2142; x_wconf 79' lang='lat' dir='ltr'>lure</span> <span class='ocrx_word' id='word_1_191' title='bbox 97 2095 180 2156; x_wconf 80' lang='lat' dir='ltr'>neget</span> <span class='ocrx_word' id='word_1_192' title='bbox 193 2089 242 2140; x_wconf 90' lang='lat' dir='ltr'>sibi</span> <span class='ocrx_word' id='word_1_193' title='bbox 254 2095 324 2154; x_wconf 83' lang='lat' dir='ltr'>nete,</span> <span class='ocrx_word' id='word_1_194' title='bbox 337 2088 404 2140; x_wconf 91' lang='lat' dir='ltr'>nibil</span> <span class='ocrx_word' id='word_1_195' title='bbox 417 2106 468 2140; x_wconf 91' lang='lat' dir='ltr'>non</span> <span class='ocrx_word' id='word_1_196' title='bbox 480 2095 583 2156; x_wconf 77' lang='lat' dir='ltr'>arroget</span> <span class='ocrx_word' id='word_1_197' title='bbox 595 2089 680 2142; x_wconf 81' lang='lat' dir='ltr'>ermis.</span> 
     </span>
    </p>

    <p class='ocr_par' dir='ltr' id='par_1_16' title="bbox 19 2152 596 2227">
     <span class='ocr_line' id='line_1_30' title="bbox 19 2152 596 2227; baseline 0.003 -19"><span class='ocrx_word' id='word_1_198' title='bbox 19 2156 57 2210; x_wconf 80' lang='lat' dir='ltr'>Sit</span> <span class='ocrx_word' id='word_1_199' title='bbox 69 2152 169 2210; x_wconf 75' lang='lat' dir='ltr'>Medea</span> <span class='ocrx_word' id='word_1_200' title='bbox 181 2158 253 2210; x_wconf 82' lang='lat' dir='ltr'>ferox</span> <span class='ocrx_word' id='word_1_201' title='bbox 266 2158 423 2226; x_wconf 75' lang='lat' dir='ltr'>invictaque,</span> <span class='ocrx_word' id='word_1_202' title='bbox 435 2158 528 2210; x_wconf 86' lang='lat' dir='ltr'>flebilis</span> <span class='ocrx_word' id='word_1_203' title='bbox 542 2159 596 2227; x_wconf 94' lang='lat' dir='ltr'>Ino,</span> 
     </span>
    </p>

    <p class='ocr_par' dir='ltr' id='par_1_17' title="bbox 19 2225 583 2294">
     <span class='ocr_line' id='line_1_31' title="bbox 19 2225 583 2294; baseline 0.004 -16"><span class='ocrx_word' id='word_1_204' title='bbox 19 2225 140 2280; x_wconf 87' lang='lat' dir='ltr'>Perfidus</span> <span class='ocrx_word' id='word_1_205' title='bbox 153 2227 238 2293; x_wconf 83' lang='lat' dir='ltr'>Ixion,</span> <span class='ocrx_word' id='word_1_206' title='bbox 251 2227 281 2279; x_wconf 92' lang='lat' dir='ltr'>Io</span> <span class='ocrx_word' id='word_1_207' title='bbox 293 2245 367 2294; x_wconf 81' lang='lat' dir='ltr'>vege,</span> <span class='ocrx_word' id='word_1_208' title='bbox 380 2229 462 2280; x_wconf 87' lang='lat' dir='ltr'>tristis</span> <span class='ocrx_word' id='word_1_209' title='bbox 475 2229 583 2280; x_wconf 64' lang='lat' dir='ltr'>Orestem</span> 
     </span>
    </p>

    <p class='ocr_par' dir='ltr' id='par_1_18' title="bbox 18 2295 684 2433">
     <span class='ocr_line' id='line_1_32' title="bbox 19 2295 684 2365; baseline 0.003 -18"><span class='ocrx_word' id='word_1_210' title='bbox 19 2295 44 2348; x_wconf 84' lang='lat' dir='ltr'>si</span> <span class='ocrx_word' id='word_1_211' title='bbox 56 2297 125 2365; x_wconf 89' lang='lat' dir='ltr'>quid</span> <span class='ocrx_word' id='word_1_212' title='bbox 138 2296 305 2364; x_wconf 88' lang='lat' dir='ltr'>inexpertum</span> <span class='ocrx_word' id='word_1_213' title='bbox 317 2313 400 2350; x_wconf 74' lang='lat' dir='ltr'>scene</span> <span class='ocrx_word' id='word_1_214' title='bbox 412 2298 553 2349; x_wconf 87' lang='lat' dir='ltr'>committis</span> <span class='ocrx_word' id='word_1_215' title='bbox 566 2302 592 2349; x_wconf 86' lang='lat' dir='ltr'>et</span> <span class='ocrx_word' id='word_1_216' title='bbox 604 2297 684 2349; x_wconf 82' lang='lat' dir='ltr'>eudes</span> 
     </span>
     <span class='ocr_line' id='line_1_33' title="bbox 18 2363 675 2433; baseline 0.002 -16"><span class='ocrx_word' id='word_1_217' title='bbox 18 2363 161 2420; x_wconf 75' lang='lat' dir='ltr'>Personam</span> <span class='ocrx_word' id='word_1_218' title='bbox 173 2366 285 2418; x_wconf 81' lang='lat' dir='ltr'>formare</span> <span class='ocrx_word' id='word_1_219' title='bbox 297 2383 398 2430; x_wconf 80' lang='lat' dir='ltr'>novem,</span> <span class='ocrx_word' id='word_1_220' title='bbox 411 2374 528 2418; x_wconf 87' lang='lat' dir='ltr'>servetur</span> <span class='ocrx_word' id='word_1_221' title='bbox 540 2366 572 2418; x_wconf 82' lang='lat' dir='ltr'>ed</span> <span class='ocrx_word' id='word_1_222' title='bbox 585 2367 675 2433; x_wconf 91' lang='lat' dir='ltr'>imum,</span> 
     </span>
    </p>

    <p class='ocr_par' dir='ltr' id='par_1_19' title="bbox 19 2434 665 2503">
     <span class='ocr_line' id='line_1_34' title="bbox 19 2434 665 2503; baseline 0 -15"><span class='ocrx_word' id='word_1_223' title='bbox 19 2435 111 2498; x_wconf 78' lang='lat' dir='ltr'>Qualis</span> <span class='ocrx_word' id='word_1_224' title='bbox 124 2434 158 2486; x_wconf 83' lang='lat' dir='ltr'>eb</span> <span class='ocrx_word' id='word_1_225' title='bbox 169 2435 274 2503; x_wconf 87' lang='lat' dir='ltr'>incepto</span> <span class='ocrx_word' id='word_1_226' title='bbox 286 2436 443 2502; x_wconf 81' lang='lat' dir='ltr'>processerit,</span> <span class='ocrx_word' id='word_1_227' title='bbox 457 2442 485 2488; x_wconf 85' lang='lat' dir='ltr'>et</span> <span class='ocrx_word' id='word_1_228' title='bbox 497 2436 545 2487; x_wconf 94' lang='lat' dir='ltr'>sibi</span> <span class='ocrx_word' id='word_1_229' title='bbox 557 2443 665 2488; x_wconf 85' lang='lat' dir='ltr'>constet.</span> 
     </span>
    </p>

    <p class='ocr_par' dir='ltr' id='par_1_20' title="bbox 17 2503 673 2574">
     <span class='ocr_line' id='line_1_35' title="bbox 17 2503 673 2574; baseline 0.005 -19"><span class='ocrx_word' id='word_1_230' title='bbox 17 2503 134 2557; x_wconf 86' lang='lat' dir='ltr'>Difficile</span> <span class='ocrx_word' id='word_1_231' title='bbox 146 2511 186 2556; x_wconf 86' lang='lat' dir='ltr'>est</span> <span class='ocrx_word' id='word_1_232' title='bbox 199 2503 301 2572; x_wconf 85' lang='lat' dir='ltr'>proprie</span> <span class='ocrx_word' id='word_1_233' title='bbox 313 2505 461 2557; x_wconf 85' lang='lat' dir='ltr'>communie</span> <span class='ocrx_word' id='word_1_234' title='bbox 473 2506 572 2568; x_wconf 90' lang='lat' dir='ltr'>dicere;</span> <span class='ocrx_word' id='word_1_235' title='bbox 590 2513 673 2574; x_wconf 90' lang='lat' dir='ltr'>tuque</span> 
     </span>
    </p>

    <p class='ocr_par' dir='ltr' id='par_1_21' title="bbox 17 2573 621 2640">
     <span class='ocr_line' id='line_1_36' title="bbox 17 2573 621 2640; baseline 0.002 -15"><span class='ocrx_word' id='word_1_236' title='bbox 17 2573 129 2628; x_wconf 83' lang='lat' dir='ltr'>Rectius</span> <span class='ocrx_word' id='word_1_237' title='bbox 141 2573 254 2626; x_wconf 78' lang='lat' dir='ltr'>Iliacum</span> <span class='ocrx_word' id='word_1_238' title='bbox 266 2591 370 2626; x_wconf 78' lang='lat' dir='ltr'>carmen</span> <span class='ocrx_word' id='word_1_239' title='bbox 382 2574 487 2626; x_wconf 85' lang='lat' dir='ltr'>deducis</span> <span class='ocrx_word' id='word_1_240' title='bbox 500 2575 527 2626; x_wconf 91' lang='lat' dir='ltr'>in</span> <span class='ocrx_word' id='word_1_241' title='bbox 540 2582 621 2640; x_wconf 82' lang='lat' dir='ltr'>ectus,</span> 
     </span>
    </p>

    <p class='ocr_par' dir='ltr' id='par_1_22' title="bbox 9 2642 807 2713">
     <span class='ocr_line' id='line_1_37' title="bbox 9 2642 807 2713; baseline -0.003 -17"><span class='ocrx_word' id='word_1_242' title='bbox 9 2643 107 2708; x_wconf 41' lang='lat' dir='ltr'>{Quam</span> <span class='ocrx_word' id='word_1_243' title='bbox 119 2642 142 2694; x_wconf 89' lang='lat' dir='ltr'>si</span> <span class='ocrx_word' id='word_1_244' title='bbox 154 2643 281 2712; x_wconf 85' lang='lat' dir='ltr'>proferres</span> <span class='ocrx_word' id='word_1_245' title='bbox 293 2643 383 2711; x_wconf 74' lang='lat' dir='ltr'>ignote</span> <span class='ocrx_word' id='word_1_246' title='bbox 394 2643 544 2712; x_wconf 76' lang='lat' dir='ltr'>indictaque</span> <span class='ocrx_word' id='word_1_247' title='bbox 557 2644 663 2712; x_wconf 88' lang='lat' dir='ltr'>primus.</span> <span class='ocrx_word' id='word_1_248' title='bbox 751 2645 807 2713; x_wconf 26' lang='lat'>,130</span> 
     </span>
    </p>
   </div>
   <div class='ocr_carea' id='block_1_3' title="bbox 0 0 958 2886">
    <p class='ocr_par' dir='ltr' id='par_1_23' title="bbox 0 0 958 2886">
     <span class='ocr_line' id='line_1_38' title="bbox 0 0 958 2886; baseline 0 3"><span class='ocrx_word' id='word_1_249' title='bbox 0 0 958 2886; x_wconf 95' lang='lat' dir='ltr'> </span> 
     </span>
    </p>
   </div>
  </div>
 </body>
</html>
