1866 2874
122 109 173 161 144
434 103 592 156 HORATII

119 208 146 261 N
146 226 176 261 ee
188 208 257 277 quod
269 224 333 261 evus
346 206 395 259 tibi
407 211 542 258 metemus
553 206 607 258 fuit
619 222 699 274 etque
710 209 837 274 petemus

120 278 190 331 Olim
202 279 247 346 qui
260 276 363 343 megnis
375 274 520 342 legionibus
533 275 724 342 imperitarent,

78 383 112 392 ,-
120 347 159 398 Ut
171 346 288 414 plerique
301 345 393 409 solent,
405 361 469 396 neso
482 343 618 410 suspendis
630 343 734 396 edunco

122 415 237 482 Ignotos,
251 421 281 465 ut
293 431 335 465 me
347 413 470 464 libertino
483 419 557 478 petre
570 419 671 464 natum.

121 483 210 546 Quum
222 483 317 534 referre
330 499 417 548 neges,
431 479 503 548 quali
515 483 550 530 sit
562 481 673 548 quisque
732 486 795 532 ente

121 551 214 617 Notus,
228 551 291 603 dum
303 551 442 618 ingenuus,
455 549 594 617 persuades
607 549 655 601 boc
667 549 689 600 ti
707 549 716 600 i
729 567 799 612 vere,

122 620 192 672 Ante
204 626 361 688 potestatem
374 617 445 670 Tulli
459 624 539 684 etque
551 617 666 683 ignobile
677 635 790 685 regnum

122 688 220 739 Multos
233 705 300 755 saepe
313 687 381 739 viros
393 687 473 738 nullis
486 687 626 752 majoribus
638 693 707 738 ortos
884 687 912 736 10

122 756 158 809 Et
169 757 267 810 vixisse
278 755 378 824 probos,
391 754 486 822 amplis
498 751 526 806 et
538 754 679 806 honoribus
691 761 782 808 suctos
789 773 796 818 ;

122 826 219 878 Contra
231 826 375 891 Laevinum,
389 823 477 875 Valeri
491 841 582 890 genus,
595 824 666 874 unde
679 823 806 904 superbus

122 895 280 964 Tarquinius
291 911 372 961 regno
384 892 475 973 pulsus
488 892 565 958 fugit,
578 893 657 944 unius
670 910 734 944 essrs

123 963 183 1016 Non
195 980 312 1030 unquam
323 969 408 1030 pretio
420 961 503 1028 pluris
516 960 627 1024 licuisse,
639 967 749 1013 notente

123 1031 143 1083 J
143 1033 227 1096 udice,
240 1048 291 1098 quo
303 1031 379 1095 nosti,
392 1030 496 1098 populo,
508 1029 554 1097 qui
567 1030 664 1081 stultus
677 1030 787 1082 bonores

125 1100 199 1181 Saepe
212 1099 258 1152 dat
270 1099 386 1166 indignis
399 1105 426 1150 et
437 1099 515 1150 iamae
528 1099 608 1150 servit
621 1099 734 1166 ineptus,

124 1168 176 1232 Qu
188 1174 277 1236 stupet
289 1168 318 1219 in
330 1167 416 1220 titulis
429 1173 456 1218 et
468 1167 633 1233 imaginibus.
670 1167 740 1230 Quid
753 1172 858 1236 oportet

125 1237 179 1290 Nos
190 1238 276 1289 fecere
288 1254 305 1288 s
317 1237 396 1303 vulgo
408 1236 485 1302 longe
497 1235 625 1303 longeque
637 1235 767 1288 remotosl

124 1305 246 1374 Namque
259 1312 321 1372 esto,
334 1305 447 1373 populus
460 1304 565 1355 Laevino
578 1304 669 1356 mallet
682 1305 806 1356 honorem

125 1374 211 1438 Quem
223 1375 303 1427 Decio
314 1375 440 1426 mandere
452 1390 526 1437 novo,
538 1389 679 1440 censorque
690 1379 807 1426 moveret
886 1375 916 1423 20

124 1442 167 1510 Ap
186 1444 234 1510 ius,
246 1444 360 1510 ingenuo
373 1442 395 1494 si
406 1458 459 1494 non
471 1458 553 1494 essem
565 1447 640 1508 petre
651 1449 744 1494 nctus:

126 1462 287 1577 Vefmerito‚
300 1511 423 1580 quoniam
435 1511 463 1562 in
475 1511 579 1578 proprio
591 1527 644 1562 non
656 1511 725 1578 pelle
737 1511 875 1580 quiessem

125 1578 177 1631 Sed
188 1580 307 1646 fulgente
320 1580 404 1632 trabit
415 1579 567 1634 constrictos
579 1579 662 1645 glorie
674 1597 753 1632 curru

125 1647 151 1698 N
152 1665 185 1700 on
196 1649 284 1699 minus
297 1649 399 1715 ignotos
411 1647 547 1714 generosis
585 1647 642 1710 Quo
654 1648 711 1714 tibi,
724 1649 794 1716 Tilli,

126 1715 233 1768 Sumere
246 1717 393 1785 depositum
406 1717 510 1768 clevum
522 1716 630 1783 fierique
642 1717 765 1770 tribunol

127 1784 233 1839 Invidia
244 1786 364 1851 accrevit,
377 1785 479 1854 privato
492 1801 550 1852 quae
562 1785 648 1836 minor
660 1792 734 1838 esset.

126 1854 152 1905 N
152 1872 196 1906 am
207 1860 239 1907 ut
251 1855 360 1923 quisque
372 1855 479 1906 insonus
492 1854 574 1921 nigris
585 1854 702 1906 medium
713 1855 840 1924 impediit
852 1873 912 1908 crus

126 1922 242 1976 Pellibus
254 1930 282 1976 et
292 1923 377 1976 letum
390 1921 494 1974 demisit
506 1929 610 1990 pectore
621 1923 734 1992 clevum,

126 1993 211 2045 Audit
218 1992 356 2044 continuo:
370 1991 454 2055 “Quis
461 1991 539 2044 homo
546 1991 590 2044 hio
597 1993 653 2046 esti
683 2000 802 2062 nopetre
809 1991 923 2050 retusi*

127 2061 165 2112 Ut
177 2061 199 2112 si
211 2061 257 2129 qui
270 2065 378 2128 aegrotet
391 2075 441 2126 quo
453 2059 542 2111 morbo
554 2060 657 2125 Berrus,
666 2011 762 2114 labori
893 2065 925 2114 30

128 2129 165 2180 Ut
177 2130 267 2198 cupiet
278 2129 413 2194 formosus,
425 2133 470 2179 eut
482 2144 645 2194 quacunque,
657 2129 753 2196 puellis

128 2196 235 2264 Injiciet
247 2215 337 2250 curem
350 2195 483 2265 quaerendi
496 2197 607 2263 singule,
620 2197 693 2264 quali

128 2264 169 2317 Sit
180 2265 254 2331 fecie,
268 2284 336 2332 sure,
348 2264 421 2333 quoli
433 2265 506 2332 pede,
519 2265 605 2328 dente,
618 2267 727 2333 capillo:

128 2333 171 2386 Sic
184 2334 230 2400 qui
243 2335 376 2403 promittit
389 2333 465 2397 cives,
480 2333 569 2384 urbem
583 2333 632 2384 sibi
645 2352 723 2401 curse,

129 2401 274 2469 Imperium
285 2402 341 2454 fore
353 2409 380 2454 et
394 2401 509 2467 Italiam,
523 2401 633 2454 delubro
645 2403 769 2469 Deorum,

129 2471 187 2532 Quo
195 2475 274 2536 petre
287 2471 321 2522 sit
333 2476 420 2534 nutus,
433 2487 499 2520 num
509 2470 601 2536 ignoto
613 2479 698 2524 matre
710 2473 885 2542 inhonestus,

129 2537 225 2588 Omnes
237 2536 359 2588 mortales
372 2554 464 2588 curere
477 2543 504 2588 et
515 2555 631 2606 quaerere
643 2542 720 2608 cogit.

131 2615 147 2642 “
156 2614 229 2666 Tune
242 2613 308 2682 Syri,
321 2615 412 2669 Damae
424 2623 472 2670 eut
483 2619 595 2686 Dionysi
607 2618 686 2686 iilius,
699 2618 783 2673 eudes
