<?xml version="1.0" encoding="UTF-8"?>
<!DOCTYPE html PUBLIC "-//W3C//DTD XHTML 1.0 Transitional//EN"
    "http://www.w3.org/TR/xhtml1/DTD/xhtml1-transitional.dtd">
<html xmlns="http://www.w3.org/1999/xhtml" xml:lang="en" lang="en">
 <head>
  <title>
</title>
<meta http-equiv="Content-Type" content="text/html;charset=utf-8" />
  <meta name='ocr-system' content='tesseract 3.04.00' />
  <meta name='ocr-capabilities' content='ocr_page ocr_carea ocr_par ocr_line ocrx_word'/>
</head>
<body>
  <div class='ocr_page' id='page_1' title='image "./qhoratiiflaccio02horagoog_0040.png"; bbox 0 0 1858 2874; ppageno 0'>
   <div class='ocr_carea' id='block_1_1' title="bbox 276 74 855 132">
    <p class='ocr_par' dir='ltr' id='par_1_1' title="bbox 276 74 855 132">
     <span class='ocr_line' id='line_1_1' title="bbox 276 74 855 132; baseline 0.009 -5"><span class='ocrx_word' id='word_1_1' title='bbox 276 74 473 128; x_wconf 81' lang='lat' dir='ltr'><strong>CARMINUM</strong></span> <span class='ocrx_word' id='word_1_2' title='bbox 492 75 513 128; x_wconf 89' lang='lat'>1.</span> <span class='ocrx_word' id='word_1_3' title='bbox 537 78 646 126; x_wconf 76' lang='lat'>12—15.</span> <span class='ocrx_word' id='word_1_4' title='bbox 822 83 855 132; x_wconf 77' lang='lat'>1⁵</span> 
     </span>
    </p>
   </div>
   <div class='ocr_carea' id='block_1_2' title="bbox 183 267 734 327">
    <p class='ocr_par' dir='ltr' id='par_1_2' title="bbox 183 267 734 327">
     <span class='ocr_line' id='line_1_2' title="bbox 183 267 734 327; baseline 0.011 -6"><span class='ocrx_word' id='word_1_5' title='bbox 183 267 333 322; x_wconf 81' lang='lat' dir='ltr'><strong>OARMEN</strong></span> <span class='ocrx_word' id='word_1_6' title='bbox 349 267 497 322; x_wconf 58' lang='lat' dir='ltr'>xlm»</span> <span class='ocrx_word' id='word_1_7' title='bbox 510 284 569 322; x_wconf 82' lang='lat' dir='ltr'>rsrr</span> <span class='ocrx_word' id='word_1_8' title='bbox 582 285 734 327; x_wconf 71' lang='lat' dir='ltr'>rusurensi.</span> 
     </span>
    </p>
   </div>
   <div class='ocr_carea' id='block_1_3' title="bbox 134 397 857 1497">
    <p class='ocr_par' dir='ltr' id='par_1_3' title="bbox 134 397 857 1497">
     <span class='ocr_line' id='line_1_3' title="bbox 139 397 630 466; baseline 0.002 -17"><span class='ocrx_word' id='word_1_9' title='bbox 139 397 262 466; x_wconf 75' lang='lat' dir='ltr'>Ourvrs,</span> <span class='ocrx_word' id='word_1_10' title='bbox 274 398 390 451; x_wconf 86' lang='lat' dir='ltr'>referent</span> <span class='ocrx_word' id='word_1_11' title='bbox 401 397 431 450; x_wconf 91' lang='lat' dir='ltr'>in</span> <span class='ocrx_word' id='word_1_12' title='bbox 443 414 516 450; x_wconf 77' lang='lat' dir='ltr'>mere</span> <span class='ocrx_word' id='word_1_13' title='bbox 528 403 556 449; x_wconf 90' lang='lat' dir='ltr'>te</span> <span class='ocrx_word' id='word_1_14' title='bbox 567 397 630 450; x_wconf 91' lang='lat' dir='ltr'>novi</span> 
     </span>
     <span class='ocr_line' id='line_1_4' title="bbox 137 465 736 536; baseline 0.003 -18"><span class='ocrx_word' id='word_1_15' title='bbox 137 465 251 520; x_wconf 77' lang='lat' dir='ltr'>Fluctus.</span> <span class='ocrx_word' id='word_1_16' title='bbox 289 467 311 520; x_wconf 90' lang='grc' dir='ltr'>Ο</span> <span class='ocrx_word' id='word_1_17' title='bbox 323 466 388 534; x_wconf 87' lang='lat' dir='ltr'>quid</span> <span class='ocrx_word' id='word_1_18' title='bbox 400 465 474 534; x_wconf 82' lang='lat' dir='ltr'>egisi</span> <span class='ocrx_word' id='word_1_19' title='bbox 509 466 625 520; x_wconf 80' lang='lat' dir='ltr'><strong>Fortiter</strong></span> <span class='ocrx_word' id='word_1_20' title='bbox 636 483 736 536; x_wconf 77' lang='lat' dir='ltr'>occupa</span> 
     </span>
     <span class='ocr_line' id='line_1_5' title="bbox 169 535 552 601; baseline 0.005 -15"><span class='ocrx_word' id='word_1_21' title='bbox 169 535 285 588; x_wconf 86' lang='lat' dir='ltr'>Porturn</span> <span class='ocrx_word' id='word_1_22' title='bbox 321 535 415 588; x_wconf 81' lang='lat' dir='ltr'>Nonne</span> <span class='ocrx_word' id='word_1_23' title='bbox 427 535 508 601; x_wconf 83' lang='lat' dir='ltr'>vides,</span> <span class='ocrx_word' id='word_1_24' title='bbox 520 541 552 588; x_wconf 89' lang='lat' dir='ltr'>ut</span> 
     </span>
     <span class='ocr_line' id='line_1_6' title="bbox 202 604 517 672; baseline 0 -16"><span class='ocrx_word' id='word_1_25' title='bbox 202 604 312 656; x_wconf 82' lang='lat' dir='ltr'>Nudum</span> <span class='ocrx_word' id='word_1_26' title='bbox 323 605 433 672; x_wconf 79' lang='lat' dir='ltr'>remigio</span> <span class='ocrx_word' id='word_1_27' title='bbox 445 604 517 656; x_wconf 81' lang='lat' dir='ltr'>letus</span> 
     </span>
     <span class='ocr_line' id='line_1_7' title="bbox 136 672 577 726; baseline 0 0"><span class='ocrx_word' id='word_1_28' title='bbox 136 672 169 726; x_wconf 83' lang='lat' dir='ltr'>iit</span> <span class='ocrx_word' id='word_1_29' title='bbox 180 673 266 725; x_wconf 77' lang='lat' dir='ltr'>melus</span> <span class='ocrx_word' id='word_1_30' title='bbox 278 672 357 726; x_wconf 82' lang='lat' dir='ltr'>celeri</span> <span class='ocrx_word' id='word_1_31' title='bbox 369 673 474 726; x_wconf 79' lang='lat' dir='ltr'>saucius</span> <span class='ocrx_word' id='word_1_32' title='bbox 487 672 577 726; x_wconf 79' lang='lat' dir='ltr'><strong>Africo</strong></span> 
     </span>
     <span class='ocr_line' id='line_1_8' title="bbox 136 740 670 810; baseline 0 -16"><span class='ocrx_word' id='word_1_33' title='bbox 136 742 318 810; x_wconf 80' lang='lat' dir='ltr'>Antennaeque</span> <span class='ocrx_word' id='word_1_34' title='bbox 330 747 438 809; x_wconf 83' lang='lat' dir='ltr'>gement</span> <span class='ocrx_word' id='word_1_35' title='bbox 449 758 481 794; x_wconf 81' lang='lat' dir='ltr'>ec</span> <span class='ocrx_word' id='word_1_36' title='bbox 493 741 550 794; x_wconf 91' lang='lat' dir='ltr'>sine</span> <span class='ocrx_word' id='word_1_37' title='bbox 561 740 670 794; x_wconf 85' lang='lat' dir='ltr'>funibus</span> 
     </span>
     <span class='ocr_line' id='line_1_9' title="bbox 169 810 438 864; baseline 0 0"><span class='ocrx_word' id='word_1_38' title='bbox 169 810 222 864; x_wconf 82' lang='lat' dir='ltr'>Vix</span> <span class='ocrx_word' id='word_1_39' title='bbox 235 811 329 864; x_wconf 76' lang='lat' dir='ltr'>durare</span> <span class='ocrx_word' id='word_1_40' title='bbox 341 811 438 864; x_wconf 80' lang='lat' dir='ltr'>eerinae</span> 
     </span>
     <span class='ocr_line' id='line_1_10' title="bbox 203 879 484 949; baseline 0 -18"><span class='ocrx_word' id='word_1_41' title='bbox 203 879 309 932; x_wconf 77' lang='lat' dir='ltr'><strong>Possint</strong></span> <span class='ocrx_word' id='word_1_42' title='bbox 320 879 484 949; x_wconf 76' lang='lat' dir='ltr'>imperiosius</span> 
     </span>
     <span class='ocr_line' id='line_1_11' title="bbox 135 947 705 1016; baseline 0 -16"><span class='ocrx_word' id='word_1_43' title='bbox 135 947 253 1016; x_wconf 80' lang='lat' dir='ltr'>AEquori</span> <span class='ocrx_word' id='word_1_44' title='bbox 288 949 349 1001; x_wconf 86' lang='lat' dir='ltr'>Non</span> <span class='ocrx_word' id='word_1_45' title='bbox 360 947 411 1001; x_wconf 87' lang='lat' dir='ltr'>tibi</span> <span class='ocrx_word' id='word_1_46' title='bbox 423 953 486 1001; x_wconf 88' lang='lat' dir='ltr'>sunt</span> <span class='ocrx_word' id='word_1_47' title='bbox 497 947 602 1016; x_wconf 79' lang='lat' dir='ltr'>integre</span> <span class='ocrx_word' id='word_1_48' title='bbox 614 947 705 1016; x_wconf 77' lang='lat' dir='ltr'>linteo,</span> 
     </span>
     <span class='ocr_line' id='line_1_12' title="bbox 134 1017 857 1098; baseline 0.003 -29"><span class='ocrx_word' id='word_1_49' title='bbox 134 1017 194 1070; x_wconf 84' lang='lat' dir='ltr'>Non</span> <span class='ocrx_word' id='word_1_50' title='bbox 205 1017 250 1084; x_wconf 86' lang='lat' dir='ltr'>Di,</span> <span class='ocrx_word' id='word_1_51' title='bbox 263 1033 328 1098; x_wconf 85' lang='lat' dir='ltr'>quos</span> <span class='ocrx_word' id='word_1_52' title='bbox 340 1018 437 1072; x_wconf 86' lang='lat' dir='ltr'>iterum</span> <span class='ocrx_word' id='word_1_53' title='bbox 449 1033 538 1098; x_wconf 86' lang='lat' dir='ltr'>presse</span> <span class='ocrx_word' id='word_1_54' title='bbox 549 1035 625 1071; x_wconf 84' lang='lat' dir='ltr'>voees</span> <span class='ocrx_word' id='word_1_55' title='bbox 636 1017 714 1071; x_wconf 79' lang='lat' dir='ltr'>meio.</span> <span class='ocrx_word' id='word_1_56' title='bbox 822 1019 857 1071; x_wconf 90' lang='lat'>10</span> 
     </span>
     <span class='ocr_line' id='line_1_13' title="bbox 168 1086 515 1154; baseline 0 -16"><span class='ocrx_word' id='word_1_57' title='bbox 168 1086 295 1151; x_wconf 78' lang='lat' dir='ltr'>Quemne</span> <span class='ocrx_word' id='word_1_58' title='bbox 306 1086 417 1138; x_wconf 81' lang='lat' dir='ltr'>Pontica.</span> <span class='ocrx_word' id='word_1_59' title='bbox 428 1103 515 1154; x_wconf 78' lang='lat' dir='ltr'>pinus,</span> 
     </span>
     <span class='ocr_line' id='line_1_14' title="bbox 204 1153 464 1222; baseline -0.004 -15"><span class='ocrx_word' id='word_1_60' title='bbox 204 1154 283 1208; x_wconf 78' lang='lat' dir='ltr'>silve</span> <span class='ocrx_word' id='word_1_61' title='bbox 294 1153 351 1208; x_wconf 78' lang='lat' dir='ltr'><strong>filio</strong></span> <span class='ocrx_word' id='word_1_62' title='bbox 362 1155 464 1222; x_wconf 87' lang='lat' dir='ltr'>nobilis,</span> 
     </span>
     <span class='ocr_line' id='line_1_15' title="bbox 134 1223 622 1290; baseline 0 -14"><span class='ocrx_word' id='word_1_63' title='bbox 134 1223 226 1276; x_wconf 69' lang='lat' dir='ltr'>sactes</span> <span class='ocrx_word' id='word_1_64' title='bbox 238 1229 266 1276; x_wconf 90' lang='lat' dir='ltr'>et</span> <span class='ocrx_word' id='word_1_65' title='bbox 276 1240 360 1290; x_wconf 86' lang='lat' dir='ltr'>genus</span> <span class='ocrx_word' id='word_1_66' title='bbox 372 1230 399 1278; x_wconf 87' lang='lat' dir='ltr'>et</span> <span class='ocrx_word' id='word_1_67' title='bbox 411 1240 506 1276; x_wconf 90' lang='lat' dir='ltr'>nornen</span> <span class='ocrx_word' id='word_1_68' title='bbox 518 1223 622 1290; x_wconf 89' lang='lat' dir='ltr'>inutile,</span> 
     </span>
     <span class='ocr_line' id='line_1_16' title="bbox 135 1291 645 1372; baseline -0.002 -27"><span class='ocrx_word' id='word_1_69' title='bbox 135 1291 181 1345; x_wconf 86' lang='lat' dir='ltr'>Nil</span> <span class='ocrx_word' id='word_1_70' title='bbox 192 1292 272 1372; x_wconf 84' lang='lat' dir='ltr'>pictis</span> <span class='ocrx_word' id='word_1_71' title='bbox 284 1293 394 1345; x_wconf 86' lang='lat' dir='ltr'>timidus</span> <span class='ocrx_word' id='word_1_72' title='bbox 406 1294 499 1345; x_wconf 83' lang='lat' dir='ltr'>nsvite</span> <span class='ocrx_word' id='word_1_73' title='bbox 511 1292 645 1363; x_wconf 76' lang='lat' dir='ltr'>puppibus</span> 
     </span>
     <span class='ocr_line' id='line_1_17' title="bbox 169 1359 496 1428; baseline 0.006 -16"><span class='ocrx_word' id='word_1_74' title='bbox 169 1359 249 1413; x_wconf 77' lang='lat' dir='ltr'>Fidit.</span> <span class='ocrx_word' id='word_1_75' title='bbox 285 1361 333 1428; x_wconf 63' lang='lat' dir='ltr'>Tu,</span> <span class='ocrx_word' id='word_1_76' title='bbox 345 1361 397 1414; x_wconf 86' lang='lat' dir='ltr'>nisi</span> <span class='ocrx_word' id='word_1_77' title='bbox 409 1362 496 1414; x_wconf 88' lang='lat' dir='ltr'>ventis</span> 
     </span>
     <span class='ocr_line' id='line_1_18' title="bbox 203 1429 535 1497; baseline 0.006 -16"><span class='ocrx_word' id='word_1_78' title='bbox 203 1429 289 1482; x_wconf 90' lang='lat' dir='ltr'>Debes</span> <span class='ocrx_word' id='word_1_79' title='bbox 300 1430 453 1497; x_wconf 84' lang='lat' dir='ltr'>ludibrium,</span> <span class='ocrx_word' id='word_1_80' title='bbox 466 1447 535 1484; x_wconf 79' lang='lat' dir='ltr'>esve.</span> 
     </span>
    </p>
   </div>
   <div class='ocr_carea' id='block_1_4' title="bbox 133 1495 664 1774">
    <p class='ocr_par' dir='ltr' id='par_1_4' title="bbox 133 1495 664 1774">
     <span class='ocr_line' id='line_1_19' title="bbox 134 1495 664 1569; baseline 0.006 -20"><span class='ocrx_word' id='word_1_81' title='bbox 134 1495 226 1566; x_wconf 77' lang='lat' dir='ltr'>Nuper</span> <span class='ocrx_word' id='word_1_82' title='bbox 240 1499 383 1552; x_wconf 83' lang='lat' dir='ltr'>sollicitum</span> <span class='ocrx_word' id='word_1_83' title='bbox 396 1518 455 1569; x_wconf 82' lang='lat' dir='ltr'>quse</span> <span class='ocrx_word' id='word_1_84' title='bbox 467 1501 534 1553; x_wconf 89' lang='lat' dir='ltr'>mihi</span> <span class='ocrx_word' id='word_1_85' title='bbox 546 1499 664 1568; x_wconf 69' lang='lat' dir='ltr'>taedium,</span> 
     </span>
     <span class='ocr_line' id='line_1_20' title="bbox 133 1566 657 1636; baseline 0.004 -16"><span class='ocrx_word' id='word_1_86' title='bbox 133 1566 212 1620; x_wconf 77' lang='lat' dir='ltr'>Nune</span> <span class='ocrx_word' id='word_1_87' title='bbox 224 1567 382 1619; x_wconf 86' lang='lat' dir='ltr'>desiderium</span> <span class='ocrx_word' id='word_1_88' title='bbox 394 1583 509 1635; x_wconf 86' lang='lat' dir='ltr'>oursque</span> <span class='ocrx_word' id='word_1_89' title='bbox 519 1583 574 1620; x_wconf 92' lang='lat' dir='ltr'>non</span> <span class='ocrx_word' id='word_1_90' title='bbox 585 1567 657 1636; x_wconf 84' lang='lat' dir='ltr'>levis,</span> 
     </span>
     <span class='ocr_line' id='line_1_21' title="bbox 169 1635 431 1690; baseline -0.004 -1"><span class='ocrx_word' id='word_1_91' title='bbox 169 1635 305 1690; x_wconf 75' lang='lat' dir='ltr'>Interfirsa</span> <span class='ocrx_word' id='word_1_92' title='bbox 316 1636 431 1689; x_wconf 83' lang='lat' dir='ltr'>nitentes</span> 
     </span>
     <span class='ocr_line' id='line_1_22' title="bbox 205 1703 544 1774; baseline 0.018 -18"><span class='ocrx_word' id='word_1_93' title='bbox 205 1705 280 1757; x_wconf 84' lang='lat' dir='ltr'><strong>Vites</strong></span> <span class='ocrx_word' id='word_1_94' title='bbox 292 1722 397 1774; x_wconf 72' lang='lat' dir='ltr'>equore</span> <span class='ocrx_word' id='word_1_95' title='bbox 410 1703 544 1773; x_wconf 74' lang='lat' dir='ltr'>cyclades</span> 
     </span>
    </p>
   </div>
   <div class='ocr_carea' id='block_1_5' title="bbox 173 1897 744 2054">
    <p class='ocr_par' dir='ltr' id='par_1_5' title="bbox 173 1897 744 2054">
     <span class='ocr_line' id='line_1_23' title="bbox 348 1897 573 1954; baseline 0.009 -3"><span class='ocrx_word' id='word_1_96' title='bbox 348 1897 498 1951; x_wconf 78' lang='lat' dir='ltr'>GARMEN</span> <span class='ocrx_word' id='word_1_97' title='bbox 515 1899 573 1954; x_wconf 86' lang='lat' dir='ltr'>XV.</span> 
     </span>
     <span class='ocr_line' id='line_1_24' title="bbox 173 2015 744 2054; baseline -0.002 0"><span class='ocrx_word' id='word_1_98' title='bbox 173 2015 264 2054; x_wconf 68' lang='lat' dir='ltr'>:serr</span> <span class='ocrx_word' id='word_1_99' title='bbox 277 2015 450 2054; x_wconf 71' lang='lat' dir='ltr'>virrorrruu</span> <span class='ocrx_word' id='word_1_100' title='bbox 463 2017 500 2054; x_wconf 81' lang='lat' dir='ltr'>ou</span> <span class='ocrx_word' id='word_1_101' title='bbox 513 2015 630 2054; x_wconf 79' lang='lat' dir='ltr'>uxernro</span> <span class='ocrx_word' id='word_1_102' title='bbox 642 2015 744 2054; x_wconf 72' lang='lat' dir='ltr'>ureris.</span> 
     </span>
    </p>
   </div>
   <div class='ocr_carea' id='block_1_6' title="bbox 134 2111 731 2662">
    <p class='ocr_par' dir='ltr' id='par_1_6' title="bbox 134 2111 731 2320">
     <span class='ocr_line' id='line_1_25' title="bbox 134 2111 731 2184; baseline -0.003 -16"><span class='ocrx_word' id='word_1_103' title='bbox 134 2113 246 2168; x_wconf 63' lang='lat' dir='ltr'>Pteron</span> <span class='ocrx_word' id='word_1_104' title='bbox 259 2131 342 2181; x_wconf 90' lang='lat' dir='ltr'>quum</span> <span class='ocrx_word' id='word_1_105' title='bbox 354 2115 471 2168; x_wconf 82' lang='lat' dir='ltr'>traheret</span> <span class='ocrx_word' id='word_1_106' title='bbox 481 2133 529 2184; x_wconf 90' lang='lat' dir='ltr'>per</span> <span class='ocrx_word' id='word_1_107' title='bbox 539 2115 608 2167; x_wconf 83' lang='lat' dir='ltr'>frete</span> <span class='ocrx_word' id='word_1_108' title='bbox 619 2111 731 2168; x_wconf 76' lang='lat' dir='ltr'>navibus</span> 
     </span>
     <span class='ocr_line' id='line_1_26' title="bbox 136 2183 628 2252; baseline 0.004 -18"><span class='ocrx_word' id='word_1_109' title='bbox 136 2183 217 2236; x_wconf 79' lang='lat' dir='ltr'>Idaeis</span> <span class='ocrx_word' id='word_1_110' title='bbox 230 2183 351 2235; x_wconf 77' lang='lat' dir='ltr'>Helenen</span> <span class='ocrx_word' id='word_1_111' title='bbox 362 2184 477 2252; x_wconf 84' lang='lat' dir='ltr'>perfidus</span> <span class='ocrx_word' id='word_1_112' title='bbox 489 2184 628 2251; x_wconf 79' lang='lat' dir='ltr'><strong>hospitam,</strong></span> 
     </span>
     <span class='ocr_line' id='line_1_27' title="bbox 136 2252 523 2320; baseline 0 -16"><span class='ocrx_word' id='word_1_113' title='bbox 136 2252 249 2320; x_wconf 77' lang='lat' dir='ltr'>Ingrato</span> <span class='ocrx_word' id='word_1_114' title='bbox 262 2252 357 2304; x_wconf 81' lang='lat' dir='ltr'>celeres</span> <span class='ocrx_word' id='word_1_115' title='bbox 369 2252 457 2304; x_wconf 88' lang='lat' dir='ltr'>obruit</span> <span class='ocrx_word' id='word_1_116' title='bbox 469 2253 523 2305; x_wconf 89' lang='lat' dir='ltr'><strong>otio</strong></span> 
     </span>
    </p>

    <p class='ocr_par' dir='ltr' id='par_1_7' title="bbox 135 2321 706 2593">
     <span class='ocr_line' id='line_1_28' title="bbox 171 2321 510 2385; baseline -0.003 -12"><span class='ocrx_word' id='word_1_117' title='bbox 171 2321 281 2385; x_wconf 85' lang='lat' dir='ltr'>Ventos,</span> <span class='ocrx_word' id='word_1_118' title='bbox 293 2326 325 2372; x_wconf 91' lang='lat' dir='ltr'>ut</span> <span class='ocrx_word' id='word_1_119' title='bbox 336 2327 442 2374; x_wconf 76' lang='lat' dir='ltr'>caneret</span> <span class='ocrx_word' id='word_1_120' title='bbox 453 2321 510 2373; x_wconf 82' lang='lat' dir='ltr'>fers</span> 
     </span>
     <span class='ocr_line' id='line_1_29' title="bbox 135 2387 706 2453; baseline -0.002 -11"><span class='ocrx_word' id='word_1_121' title='bbox 135 2389 239 2442; x_wconf 79' lang='lat' dir='ltr'>Nereus</span> <span class='ocrx_word' id='word_1_122' title='bbox 251 2389 322 2442; x_wconf 83' lang='lat' dir='ltr'>feta:</span> <span class='ocrx_word' id='word_1_123' title='bbox 336 2392 351 2418; x_wconf 90' lang='lat'>“</span> <span class='ocrx_word' id='word_1_124' title='bbox 359 2391 433 2444; x_wconf 78' lang='lat' dir='ltr'>Male</span> <span class='ocrx_word' id='word_1_125' title='bbox 447 2389 521 2442; x_wconf 86' lang='lat' dir='ltr'>ducis</span> <span class='ocrx_word' id='word_1_126' title='bbox 534 2387 578 2442; x_wconf 81' lang='lat' dir='ltr'>evi</span> <span class='ocrx_word' id='word_1_127' title='bbox 591 2388 706 2453; x_wconf 90' lang='lat' dir='ltr'><strong>domum,</strong></span> 
     </span>
     <span class='ocr_line' id='line_1_30' title="bbox 136 2457 652 2525; baseline 0.004 -17"><span class='ocrx_word' id='word_1_128' title='bbox 136 2458 224 2522; x_wconf 75' lang='lat' dir='ltr'>Quem</span> <span class='ocrx_word' id='word_1_129' title='bbox 236 2458 322 2509; x_wconf 86' lang='lat' dir='ltr'>multe</span> <span class='ocrx_word' id='word_1_130' title='bbox 333 2464 435 2525; x_wconf 87' lang='lat' dir='ltr'>repetet</span> <span class='ocrx_word' id='word_1_131' title='bbox 447 2457 548 2510; x_wconf 73' lang='lat' dir='ltr'>Graecia</span> <span class='ocrx_word' id='word_1_132' title='bbox 558 2457 652 2522; x_wconf 84' lang='lat' dir='ltr'><strong>milito,</strong></span> 
     </span>
     <span class='ocr_line' id='line_1_31' title="bbox 137 2523 606 2593; baseline -0.006 -14"><span class='ocrx_word' id='word_1_133' title='bbox 137 2526 282 2579; x_wconf 74' lang='lat' dir='ltr'>(ion‘urats</span> <span class='ocrx_word' id='word_1_134' title='bbox 294 2530 354 2578; x_wconf 84' lang='lat' dir='ltr'>tuas</span> <span class='ocrx_word' id='word_1_135' title='bbox 366 2543 487 2593; x_wconf 88' lang='lat' dir='ltr'>rumpere</span> <span class='ocrx_word' id='word_1_136' title='bbox 498 2523 606 2592; x_wconf 77' lang='lat' dir='ltr'>nuptias</span> 
     </span>
    </p>

    <p class='ocr_par' dir='ltr' id='par_1_8' title="bbox 199 2593 544 2662">
     <span class='ocr_line' id='line_1_32' title="bbox 199 2593 544 2662; baseline -0.014 -16"><span class='ocrx_word' id='word_1_137' title='bbox 199 2601 211 2646; x_wconf 87' lang='lat' dir='ltr'><strong>t</strong></span> <span class='ocrx_word' id='word_1_138' title='bbox 222 2611 336 2662; x_wconf 82' lang='lat' dir='ltr'>regnum</span> <span class='ocrx_word' id='word_1_139' title='bbox 349 2593 449 2644; x_wconf 76' lang='lat' dir='ltr'>Priami</span> <span class='ocrx_word' id='word_1_140' title='bbox 460 2598 544 2645; x_wconf 82' lang='lat' dir='ltr'>vetus.</span> 
     </span>
    </p>
   </div>
   <div class='ocr_carea' id='block_1_7' title="bbox 0 0 934 2874">
    <p class='ocr_par' dir='ltr' id='par_1_9' title="bbox 0 0 934 2874">
     <span class='ocr_line' id='line_1_33' title="bbox 0 0 934 2874; baseline 0 0"><span class='ocrx_word' id='word_1_141' title='bbox 0 0 934 2874; x_wconf 95' lang='lat' dir='ltr'> </span> 
     </span>
    </p>
   </div>
  </div>
 </body>
</html>
