<?xml version="1.0" encoding="UTF-8"?>
<!DOCTYPE html PUBLIC "-//W3C//DTD XHTML 1.0 Transitional//EN"
    "http://www.w3.org/TR/xhtml1/DTD/xhtml1-transitional.dtd">
<html xmlns="http://www.w3.org/1999/xhtml" xml:lang="en" lang="en">
 <head>
  <title>
</title>
<meta http-equiv="Content-Type" content="text/html;charset=utf-8" />
  <meta name='ocr-system' content='tesseract 3.04.00' />
  <meta name='ocr-capabilities' content='ocr_page ocr_carea ocr_par ocr_line ocrx_word'/>
</head>
<body>
  <div class='ocr_page' id='page_1' title='image "./qhoratiiflaccio02horagoog_0081.png"; bbox 0 0 1858 2874; ppageno 0'>
   <div class='ocr_carea' id='block_1_1' title="bbox 95 109 568 164">
    <p class='ocr_par' dir='ltr' id='par_1_1' title="bbox 95 109 568 164">
     <span class='ocr_line' id='line_1_1' title="bbox 95 109 568 164; baseline 0 0"><span class='ocrx_word' id='word_1_1' title='bbox 95 116 128 164; x_wconf 74' lang='lat'><strong>⁵6</strong></span> <span class='ocrx_word' id='word_1_2' title='bbox 415 109 568 164; x_wconf 75' lang='lat' dir='ltr'><strong>Hoasrss</strong></span> 
     </span>
    </p>
   </div>
   <div class='ocr_carea' id='block_1_2' title="bbox 76 213 710 2559">
    <p class='ocr_par' dir='ltr' id='par_1_2' title="bbox 163 213 617 422">
     <span class='ocr_line' id='line_1_2' title="bbox 163 213 593 284; baseline -0.005 -14"><span class='ocrx_word' id='word_1_3' title='bbox 163 215 278 284; x_wconf 83' lang='lat' dir='ltr'><strong>Auditis,</strong></span> <span class='ocrx_word' id='word_1_4' title='bbox 290 232 325 270; x_wconf 84' lang='lat' dir='ltr'><strong>an</strong></span> <span class='ocrx_word' id='word_1_5' title='bbox 336 232 379 269; x_wconf 89' lang='lat' dir='ltr'><strong>me</strong></span> <span class='ocrx_word' id='word_1_6' title='bbox 391 214 461 268; x_wconf 85' lang='lat' dir='ltr'><strong>ludit</strong></span> <span class='ocrx_word' id='word_1_7' title='bbox 472 213 593 268; x_wconf 85' lang='lat' dir='ltr'><strong>amabilis</strong></span> 
     </span>
     <span class='ocr_line' id='line_1_3' title="bbox 164 283 617 352; baseline -0.002 -14"><span class='ocrx_word' id='word_1_8' title='bbox 164 284 290 340; x_wconf 79' lang='lat' dir='ltr'><strong>Insaniai</strong></span> <span class='ocrx_word' id='word_1_9' title='bbox 307 284 407 338; x_wconf 82' lang='lat' dir='ltr'><strong>Audire</strong></span> <span class='ocrx_word' id='word_1_10' title='bbox 419 289 447 336; x_wconf 91' lang='lat' dir='ltr'><strong>et</strong></span> <span class='ocrx_word' id='word_1_11' title='bbox 458 283 548 338; x_wconf 82' lang='lat' dir='ltr'><strong>videor</strong></span> <span class='ocrx_word' id='word_1_12' title='bbox 559 284 617 352; x_wconf 92' lang='lat' dir='ltr'><strong>pios</strong></span> 
     </span>
     <span class='ocr_line' id='line_1_4' title="bbox 198 354 564 422; baseline -0.008 -14"><span class='ocrx_word' id='word_1_13' title='bbox 198 354 293 408; x_wconf 79' lang='lat' dir='ltr'>Errare</span> <span class='ocrx_word' id='word_1_14' title='bbox 304 371 351 422; x_wconf 88' lang='lat' dir='ltr'><strong>per</strong></span> <span class='ocrx_word' id='word_1_15' title='bbox 363 354 442 421; x_wconf 87' lang='lat' dir='ltr'><strong>lucos,</strong></span> <span class='ocrx_word' id='word_1_16' title='bbox 455 369 564 406; x_wconf 79' lang='lat' dir='ltr'><strong>amoena</strong></span> 
     </span>
    </p>

    <p class='ocr_par' dir='ltr' id='par_1_3' title="bbox 161 422 686 628">
     <span class='ocr_line' id='line_1_5' title="bbox 232 422 686 492; baseline -0.004 -16"><span class='ocrx_word' id='word_1_17' title='bbox 232 423 302 487; x_wconf 76' lang='lat' dir='ltr'><strong>Quos</strong></span> <span class='ocrx_word' id='word_1_18' title='bbox 314 427 342 476; x_wconf 88' lang='lat' dir='ltr'><strong>ot</strong></span> <span class='ocrx_word' id='word_1_19' title='bbox 354 439 428 492; x_wconf 79' lang='lat' dir='ltr'><strong>aqua</strong></span> <span class='ocrx_word' id='word_1_20' title='bbox 442 422 556 475; x_wconf 90' lang='lat' dir='ltr'><strong>subeunt</strong></span> <span class='ocrx_word' id='word_1_21' title='bbox 568 428 596 475; x_wconf 91' lang='lat' dir='ltr'><strong>et</strong></span> <span class='ocrx_word' id='word_1_22' title='bbox 607 438 686 475; x_wconf 76' lang='lat' dir='ltr'><strong>auras</strong></span> 
     </span>
     <span class='ocr_line' id='line_1_6' title="bbox 163 490 613 560; baseline -0.004 -16"><span class='ocrx_word' id='word_1_23' title='bbox 163 490 209 544; x_wconf 89' lang='lat' dir='ltr'><strong>Me</strong></span> <span class='ocrx_word' id='word_1_24' title='bbox 220 491 346 545; x_wconf 80' lang='lat' dir='ltr'><strong>fabulosa</strong></span> <span class='ocrx_word' id='word_1_25' title='bbox 359 491 472 544; x_wconf 89' lang='lat' dir='ltr'><strong>Vulture</strong></span> <span class='ocrx_word' id='word_1_26' title='bbox 484 491 512 542; x_wconf 91' lang='lat' dir='ltr'><strong>in</strong></span> <span class='ocrx_word' id='word_1_27' title='bbox 525 490 613 560; x_wconf 79' lang='lat' dir='ltr'><strong>Apulo</strong></span> 
     </span>
     <span class='ocr_line' id='line_1_7' title="bbox 161 559 569 628; baseline -0.002 -15"><span class='ocrx_word' id='word_1_28' title='bbox 161 560 271 614; x_wconf 77' lang='lat' dir='ltr'><strong>Altrieis</strong></span> <span class='ocrx_word' id='word_1_29' title='bbox 283 566 359 614; x_wconf 86' lang='lat' dir='ltr'><strong>extra</strong></span> <span class='ocrx_word' id='word_1_30' title='bbox 370 560 452 613; x_wconf 90' lang='lat' dir='ltr'><strong>limen</strong></span> <span class='ocrx_word' id='word_1_31' title='bbox 464 559 569 628; x_wconf 74' lang='lat' dir='ltr'><strong>Apuliae</strong></span> 
     </span>
    </p>

    <p class='ocr_par' dir='ltr' id='par_1_4' title="bbox 196 629 579 698">
     <span class='ocr_line' id='line_1_8' title="bbox 196 629 579 698; baseline -0.005 -16"><span class='ocrx_word' id='word_1_32' title='bbox 196 629 270 684; x_wconf 78' lang='lat' dir='ltr'><strong>hudo</strong></span> <span class='ocrx_word' id='word_1_33' title='bbox 282 630 477 698; x_wconf 73' lang='lat' dir='ltr'><strong>fatigatumque</strong></span> <span class='ocrx_word' id='word_1_34' title='bbox 490 644 579 681; x_wconf 92' lang='lat' dir='ltr'><strong>somno</strong></span> 
     </span>
    </p>

    <p class='ocr_par' dir='ltr' id='par_1_5' title="bbox 161 697 691 906">
     <span class='ocr_line' id='line_1_9' title="bbox 231 697 685 767; baseline -0.011 -14"><span class='ocrx_word' id='word_1_35' title='bbox 231 698 335 753; x_wconf 81' lang='lat' dir='ltr'><strong>Fronde</strong></span> <span class='ocrx_word' id='word_1_36' title='bbox 345 709 414 752; x_wconf 83' lang='lat' dir='ltr'><strong>nova</strong></span> <span class='ocrx_word' id='word_1_37' title='bbox 426 714 538 767; x_wconf 88' lang='lat' dir='ltr'><strong>puerum</strong></span> <span class='ocrx_word' id='word_1_38' title='bbox 549 697 685 766; x_wconf 85' lang='lat' dir='ltr'><strong>palumbes</strong></span> 
     </span>
     <span class='ocr_line' id='line_1_10' title="bbox 161 765 679 836; baseline -0.01 -15"><span class='ocrx_word' id='word_1_39' title='bbox 161 768 267 835; x_wconf 71' lang='lat' dir='ltr'><strong>Tenere,</strong></span> <span class='ocrx_word' id='word_1_40' title='bbox 279 769 377 821; x_wconf 90' lang='lat' dir='ltr'><strong>mirum</strong></span> <span class='ocrx_word' id='word_1_41' title='bbox 389 767 459 836; x_wconf 89' lang='lat' dir='ltr'><strong>quod</strong></span> <span class='ocrx_word' id='word_1_42' title='bbox 471 767 539 819; x_wconf 80' lang='lat' dir='ltr'><strong>foret</strong></span> <span class='ocrx_word' id='word_1_43' title='bbox 552 765 679 830; x_wconf 89' lang='lat' dir='ltr'><strong>omnibus,</strong></span> 
     </span>
     <span class='ocr_line' id='line_1_11' title="bbox 162 834 691 906; baseline -0.009 -15"><span class='ocrx_word' id='word_1_44' title='bbox 162 837 318 906; x_wconf 83' lang='lat' dir='ltr'><strong>Quicunque</strong></span> <span class='ocrx_word' id='word_1_45' title='bbox 330 836 405 890; x_wconf 84' lang='lat' dir='ltr'><strong>oelsae</strong></span> <span class='ocrx_word' id='word_1_46' title='bbox 418 835 512 887; x_wconf 90' lang='lat' dir='ltr'><strong>nidum</strong></span> <span class='ocrx_word' id='word_1_47' title='bbox 524 834 691 887; x_wconf 78' lang='lat' dir='ltr'><strong>Acherontiae</strong></span> 
     </span>
    </p>

    <p class='ocr_par' dir='ltr' id='par_1_6' title="bbox 195 904 621 974">
     <span class='ocr_line' id='line_1_12' title="bbox 195 904 621 974; baseline -0.007 -15"><span class='ocrx_word' id='word_1_48' title='bbox 195 905 337 974; x_wconf 81' lang='lat' dir='ltr'><strong>Saltusque</strong></span> <span class='ocrx_word' id='word_1_49' title='bbox 348 904 477 958; x_wconf 87' lang='lat' dir='ltr'><strong>Bantinos</strong></span> <span class='ocrx_word' id='word_1_50' title='bbox 489 909 515 957; x_wconf 88' lang='lat' dir='ltr'><strong>et</strong></span> <span class='ocrx_word' id='word_1_51' title='bbox 527 921 621 957; x_wconf 80' lang='lat' dir='ltr'><strong>arvum</strong></span> 
     </span>
    </p>

    <p class='ocr_par' dir='ltr' id='par_1_7' title="bbox 160 972 704 1179">
     <span class='ocr_line' id='line_1_13' title="bbox 231 972 687 1044; baseline -0.004 -17"><span class='ocrx_word' id='word_1_52' title='bbox 231 975 335 1044; x_wconf 78' lang='lat' dir='ltr'>Pingue</span> <span class='ocrx_word' id='word_1_53' title='bbox 346 979 439 1026; x_wconf 86' lang='lat' dir='ltr'><strong>tenent</strong></span> <span class='ocrx_word' id='word_1_54' title='bbox 450 972 560 1025; x_wconf 89' lang='lat' dir='ltr'><strong>humilis</strong></span> <span class='ocrx_word' id='word_1_55' title='bbox 572 972 687 1039; x_wconf 81' lang='lat' dir='ltr'><strong>Forenti,</strong></span> 
     </span>
     <span class='ocr_line' id='line_1_14' title="bbox 160 1041 620 1110; baseline -0.009 -14"><span class='ocrx_word' id='word_1_56' title='bbox 160 1043 199 1097; x_wconf 88' lang='lat' dir='ltr'><strong>Ut</strong></span> <span class='ocrx_word' id='word_1_57' title='bbox 211 1047 271 1096; x_wconf 86' lang='lat' dir='ltr'><strong>tuto</strong></span> <span class='ocrx_word' id='word_1_58' title='bbox 283 1042 317 1096; x_wconf 85' lang='lat' dir='ltr'><strong>ab</strong></span> <span class='ocrx_word' id='word_1_59' title='bbox 329 1043 393 1096; x_wconf 88' lang='lat' dir='ltr'><strong>atris</strong></span> <span class='ocrx_word' id='word_1_60' title='bbox 406 1059 512 1110; x_wconf 88' lang='lat' dir='ltr'><strong>corpore</strong></span> <span class='ocrx_word' id='word_1_61' title='bbox 523 1041 620 1110; x_wconf 80' lang='lat' dir='ltr'>viperis</span> 
     </span>
     <span class='ocr_line' id='line_1_15' title="bbox 160 1111 704 1179; baseline -0.007 -14"><span class='ocrx_word' id='word_1_62' title='bbox 160 1112 307 1165; x_wconf 88' lang='lat' dir='ltr'><strong>Dormirem</strong></span> <span class='ocrx_word' id='word_1_63' title='bbox 319 1117 346 1164; x_wconf 87' lang='lat' dir='ltr'><strong>st</strong></span> <span class='ocrx_word' id='word_1_64' title='bbox 358 1111 433 1178; x_wconf 89' lang='lat' dir='ltr'><strong>ursis,</strong></span> <span class='ocrx_word' id='word_1_65' title='bbox 445 1116 477 1163; x_wconf 91' lang='lat' dir='ltr'><strong>ut</strong></span> <span class='ocrx_word' id='word_1_66' title='bbox 488 1126 619 1179; x_wconf 84' lang='lat' dir='ltr'><strong>premerer</strong></span> <span class='ocrx_word' id='word_1_67' title='bbox 631 1126 704 1162; x_wconf 83' lang='lat' dir='ltr'><strong>sacra</strong></span> 
     </span>
    </p>

    <p class='ocr_par' dir='ltr' id='par_1_8' title="bbox 194 1181 597 1251">
     <span class='ocr_line' id='line_1_16' title="bbox 194 1181 597 1251; baseline -0.01 -16"><span class='ocrx_word' id='word_1_68' title='bbox 194 1182 332 1251; x_wconf 71' lang='lat' dir='ltr'><strong>Ire-uroque</strong></span> <span class='ocrx_word' id='word_1_69' title='bbox 344 1181 492 1248; x_wconf 85' lang='lat' dir='ltr'><strong>collataque</strong></span> <span class='ocrx_word' id='word_1_70' title='bbox 503 1185 597 1248; x_wconf 82' lang='lat' dir='ltr'><strong>myrto,</strong></span> 
     </span>
    </p>

    <p class='ocr_par' dir='ltr' id='par_1_9' title="bbox 158 1245 672 1456">
     <span class='ocr_line' id='line_1_17' title="bbox 228 1245 672 1305; baseline -0.014 0"><span class='ocrx_word' id='word_1_71' title='bbox 228 1251 290 1305; x_wconf 82' lang='lat' dir='ltr'><strong>Non</strong></span> <span class='ocrx_word' id='word_1_72' title='bbox 302 1251 358 1304; x_wconf 90' lang='lat' dir='ltr'><strong>sine</strong></span> <span class='ocrx_word' id='word_1_73' title='bbox 369 1249 420 1304; x_wconf 90' lang='lat' dir='ltr'><strong>Dis</strong></span> <span class='ocrx_word' id='word_1_74' title='bbox 432 1249 564 1302; x_wconf 88' lang='lat' dir='ltr'><strong>animosus</strong></span> <span class='ocrx_word' id='word_1_75' title='bbox 576 1245 672 1300; x_wconf 86' lang='lat' dir='ltr'><strong>infans.</strong></span> 
     </span>
     <span class='ocr_line' id='line_1_18' title="bbox 162 1316 649 1389; baseline -0.016 -13"><span class='ocrx_word' id='word_1_76' title='bbox 162 1321 262 1389; x_wconf 85' lang='lat' dir='ltr'><strong>Vester,</strong></span> <span class='ocrx_word' id='word_1_77' title='bbox 275 1320 402 1388; x_wconf 75' lang='lat' dir='ltr'><strong>Camena,</strong></span> <span class='ocrx_word' id='word_1_78' title='bbox 414 1323 502 1372; x_wconf 78' lang='lat' dir='ltr'><strong>vester</strong></span> <span class='ocrx_word' id='word_1_79' title='bbox 513 1317 543 1369; x_wconf 93' lang='lat' dir='ltr'><strong>in</strong></span> <span class='ocrx_word' id='word_1_80' title='bbox 554 1316 649 1370; x_wconf 87' lang='lat' dir='ltr'><strong>arduos</strong></span> 
     </span>
     <span class='ocr_line' id='line_1_19' title="bbox 158 1385 652 1456; baseline -0.02 -10"><span class='ocrx_word' id='word_1_81' title='bbox 158 1391 246 1448; x_wconf 69' lang='lat' dir='ltr'><strong>Tollor</strong></span> <span class='ocrx_word' id='word_1_82' title='bbox 258 1389 374 1456; x_wconf 77' lang='lat' dir='ltr'><strong>Sabinos,</strong></span> <span class='ocrx_word' id='word_1_83' title='bbox 387 1405 433 1441; x_wconf 87' lang='lat' dir='ltr'><strong>seu</strong></span> <span class='ocrx_word' id='word_1_84' title='bbox 444 1387 511 1438; x_wconf 89' lang='lat' dir='ltr'><strong>mihi</strong></span> <span class='ocrx_word' id='word_1_85' title='bbox 523 1385 652 1455; x_wconf 81' lang='lat' dir='ltr'><strong>frigidum</strong></span> 
     </span>
    </p>

    <p class='ocr_par' dir='ltr' id='par_1_10' title="bbox 194 1456 614 1524">
     <span class='ocr_line' id='line_1_20' title="bbox 194 1456 614 1524; baseline -0.014 -11"><span class='ocrx_word' id='word_1_86' title='bbox 194 1461 327 1514; x_wconf 85' lang='lat' dir='ltr'><strong>Praeneste</strong></span> <span class='ocrx_word' id='word_1_87' title='bbox 339 1475 385 1511; x_wconf 90' lang='lat' dir='ltr'><strong>seu</strong></span> <span class='ocrx_word' id='word_1_88' title='bbox 396 1457 478 1509; x_wconf 70' lang='lat' dir='ltr'><strong>Tibur</strong></span> <span class='ocrx_word' id='word_1_89' title='bbox 489 1456 614 1524; x_wconf 88' lang='lat' dir='ltr'><strong>supinum</strong></span> 
     </span>
    </p>

    <p class='ocr_par' dir='ltr' id='par_1_11' title="bbox 157 1524 672 1733">
     <span class='ocr_line' id='line_1_21' title="bbox 229 1524 627 1607; baseline -0.015 -25"><span class='ocrx_word' id='word_1_90' title='bbox 229 1527 282 1582; x_wconf 76' lang='lat' dir='ltr'><strong>seu</strong></span> <span class='ocrx_word' id='word_1_91' title='bbox 293 1527 400 1607; x_wconf 74' lang='lat' dir='ltr'><strong>liquidae</strong></span> <span class='ocrx_word' id='word_1_92' title='bbox 413 1525 535 1594; x_wconf 88' lang='lat' dir='ltr'><strong>placuere</strong></span> <span class='ocrx_word' id='word_1_93' title='bbox 547 1524 627 1578; x_wconf 76' lang='lat' dir='ltr'><strong>Baias</strong></span> 
     </span>
     <span class='ocr_line' id='line_1_22' title="bbox 159 1592 652 1651; baseline -0.014 0"><span class='ocrx_word' id='word_1_94' title='bbox 159 1597 259 1651; x_wconf 86' lang='lat' dir='ltr'><strong>Vestris</strong></span> <span class='ocrx_word' id='word_1_95' title='bbox 271 1611 387 1648; x_wconf 85' lang='lat' dir='ltr'><strong>amroum</strong></span> <span class='ocrx_word' id='word_1_96' title='bbox 397 1595 515 1647; x_wconf 83' lang='lat' dir='ltr'><strong>fontibus</strong></span> <span class='ocrx_word' id='word_1_97' title='bbox 527 1598 555 1646; x_wconf 91' lang='lat' dir='ltr'><strong>et</strong></span> <span class='ocrx_word' id='word_1_98' title='bbox 566 1592 652 1646; x_wconf 89' lang='lat' dir='ltr'><strong>choris</strong></span> 
     </span>
     <span class='ocr_line' id='line_1_23' title="bbox 157 1662 672 1733; baseline -0.016 -12"><span class='ocrx_word' id='word_1_99' title='bbox 157 1667 218 1721; x_wconf 84' lang='lat' dir='ltr'><strong>Non</strong></span> <span class='ocrx_word' id='word_1_100' title='bbox 229 1681 272 1718; x_wconf 91' lang='lat' dir='ltr'><strong>me</strong></span> <span class='ocrx_word' id='word_1_101' title='bbox 284 1663 416 1733; x_wconf 84' lang='lat' dir='ltr'><strong>Philippis</strong></span> <span class='ocrx_word' id='word_1_102' title='bbox 427 1681 502 1717; x_wconf 76' lang='lat' dir='ltr'><strong>versa</strong></span> <span class='ocrx_word' id='word_1_103' title='bbox 514 1662 583 1716; x_wconf 87' lang='lat' dir='ltr'><strong>acies</strong></span> <span class='ocrx_word' id='word_1_104' title='bbox 594 1667 672 1730; x_wconf 88' lang='lat' dir='ltr'><strong>retro,</strong></span> 
     </span>
    </p>

    <p class='ocr_par' dir='ltr' id='par_1_12' title="bbox 76 1732 596 1799">
     <span class='ocr_line' id='line_1_24' title="bbox 76 1732 596 1799; baseline -0.013 -9"><span class='ocrx_word' id='word_1_105' title='bbox 76 1748 84 1763; x_wconf 91' lang='lat'><strong>·</strong></span> <span class='ocrx_word' id='word_1_106' title='bbox 191 1735 294 1789; x_wconf 84' lang='lat' dir='ltr'><strong>Devota</strong></span> <span class='ocrx_word' id='word_1_107' title='bbox 305 1750 359 1786; x_wconf 90' lang='lat' dir='ltr'><strong>non</strong></span> <span class='ocrx_word' id='word_1_108' title='bbox 371 1732 501 1786; x_wconf 70' lang='lat' dir='ltr'><strong>exstinxit</strong></span> <span class='ocrx_word' id='word_1_109' title='bbox 513 1733 596 1799; x_wconf 85' lang='lat' dir='ltr'><strong>arbos,</strong></span> 
     </span>
    </p>

    <p class='ocr_par' dir='ltr' id='par_1_13' title="bbox 157 1799 663 2007">
     <span class='ocr_line' id='line_1_25' title="bbox 226 1799 628 1857; baseline -0.015 0"><span class='ocrx_word' id='word_1_110' title='bbox 226 1803 283 1857; x_wconf 84' lang='lat' dir='ltr'><strong>Nec</strong></span> <span class='ocrx_word' id='word_1_111' title='bbox 294 1801 383 1856; x_wconf 81' lang='lat' dir='ltr'><strong>Sicula</strong></span> <span class='ocrx_word' id='word_1_112' title='bbox 395 1802 537 1854; x_wconf 89' lang='lat' dir='ltr'><strong>Palinurus</strong></span> <span class='ocrx_word' id='word_1_113' title='bbox 548 1799 628 1852; x_wconf 83' lang='lat' dir='ltr'><strong>unda</strong></span> 
     </span>
     <span class='ocr_line' id='line_1_26' title="bbox 157 1869 663 1941; baseline -0.014 -13"><span class='ocrx_word' id='word_1_114' title='bbox 157 1873 301 1941; x_wconf 75' lang='lat' dir='ltr'><strong>Utcunque</strong></span> <span class='ocrx_word' id='word_1_115' title='bbox 312 1889 416 1925; x_wconf 90' lang='lat' dir='ltr'><strong>mecum</strong></span> <span class='ocrx_word' id='word_1_116' title='bbox 427 1888 473 1923; x_wconf 83' lang='lat' dir='ltr'><strong>vos</strong></span> <span class='ocrx_word' id='word_1_117' title='bbox 485 1870 566 1937; x_wconf 74' lang='lat' dir='ltr'><strong>critis,</strong></span> <span class='ocrx_word' id='word_1_118' title='bbox 578 1869 663 1922; x_wconf 86' lang='lat' dir='ltr'><strong>libens</strong></span> 
     </span>
     <span class='ocr_line' id='line_1_27' title="bbox 158 1939 662 2007; baseline -0.01 -12"><span class='ocrx_word' id='word_1_119' title='bbox 158 1942 338 1996; x_wconf 76' lang='lat' dir='ltr'><strong>insanientem</strong></span> <span class='ocrx_word' id='word_1_120' title='bbox 349 1941 441 1994; x_wconf 84' lang='lat' dir='ltr'><strong>navita</strong></span> <span class='ocrx_word' id='word_1_121' title='bbox 452 1939 598 2007; x_wconf 85' lang='lat' dir='ltr'><strong>Bosporum</strong></span> <span class='ocrx_word' id='word_1_122' title='bbox 661 1971 662 1974; x_wconf 61' lang='lat'><em>=</em></span> 
     </span>
    </p>

    <p class='ocr_par' dir='ltr' id='par_1_14' title="bbox 156 2011 710 2354">
     <span class='ocr_line' id='line_1_28' title="bbox 190 2011 569 2065; baseline -0.013 0"><span class='ocrx_word' id='word_1_123' title='bbox 190 2011 308 2065; x_wconf 69' lang='lat' dir='ltr'><strong>Tentabo</strong></span> <span class='ocrx_word' id='word_1_124' title='bbox 321 2017 348 2064; x_wconf 91' lang='lat' dir='ltr'><strong>et</strong></span> <span class='ocrx_word' id='word_1_125' title='bbox 359 2015 465 2063; x_wconf 84' lang='lat' dir='ltr'><strong>urentes</strong></span> <span class='ocrx_word' id='word_1_126' title='bbox 477 2023 569 2062; x_wconf 77' lang='lat' dir='ltr'><strong>arenas</strong></span> 
     </span>
     <span class='ocr_line' id='line_1_29' title="bbox 225 2077 540 2148; baseline -0.01 -16"><span class='ocrx_word' id='word_1_127' title='bbox 225 2080 323 2132; x_wconf 83' lang='lat' dir='ltr'><strong>Litoris</strong></span> <span class='ocrx_word' id='word_1_128' title='bbox 334 2079 436 2148; x_wconf 80' lang='lat' dir='ltr'><strong>Assyrii</strong></span> <span class='ocrx_word' id='word_1_129' title='bbox 447 2077 540 2130; x_wconf 85' lang='lat' dir='ltr'><strong>viator.</strong></span> 
     </span>
     <span class='ocr_line' id='line_1_30' title="bbox 157 2145 639 2215; baseline -0.004 -13"><span class='ocrx_word' id='word_1_130' title='bbox 157 2148 248 2202; x_wconf 86' lang='lat' dir='ltr'><strong>Visam</strong></span> <span class='ocrx_word' id='word_1_131' title='bbox 260 2148 400 2202; x_wconf 86' lang='lat' dir='ltr'><strong>Britannos</strong></span> <span class='ocrx_word' id='word_1_132' title='bbox 412 2145 559 2215; x_wconf 87' lang='lat' dir='ltr'><strong>hospitibus</strong></span> <span class='ocrx_word' id='word_1_133' title='bbox 571 2146 639 2200; x_wconf 83' lang='lat' dir='ltr'><strong>ieros</strong></span> 
     </span>
     <span class='ocr_line' id='line_1_31' title="bbox 156 2215 710 2286; baseline -0.005 -15"><span class='ocrx_word' id='word_1_134' title='bbox 156 2217 193 2272; x_wconf 81' lang='lat' dir='ltr'><strong>Et</strong></span> <span class='ocrx_word' id='word_1_135' title='bbox 204 2217 297 2270; x_wconf 84' lang='lat' dir='ltr'><strong>laetum</strong></span> <span class='ocrx_word' id='word_1_136' title='bbox 308 2217 404 2286; x_wconf 91' lang='lat' dir='ltr'><strong>equino</strong></span> <span class='ocrx_word' id='word_1_137' title='bbox 415 2215 544 2283; x_wconf 82' lang='lat' dir='ltr'><strong>sanguine</strong></span> <span class='ocrx_word' id='word_1_138' title='bbox 556 2217 710 2270; x_wconf 79' lang='lat' dir='ltr'><strong>Concanum</strong></span> 
     </span>
     <span class='ocr_line' id='line_1_32' title="bbox 194 2285 579 2354; baseline -0.008 -15"><span class='ocrx_word' id='word_1_139' title='bbox 194 2286 282 2339; x_wconf 82' lang='lat' dir='ltr'><strong>Visam</strong></span> <span class='ocrx_word' id='word_1_140' title='bbox 293 2285 456 2354; x_wconf 87' lang='lat' dir='ltr'><strong>pharetratos</strong></span> <span class='ocrx_word' id='word_1_141' title='bbox 469 2285 579 2337; x_wconf 82' lang='lat' dir='ltr'><strong>Gelonos</strong></span> 
     </span>
    </p>

    <p class='ocr_par' dir='ltr' id='par_1_15' title="bbox 156 2353 703 2559">
     <span class='ocr_line' id='line_1_33' title="bbox 224 2353 703 2420; baseline 0 -14"><span class='ocrx_word' id='word_1_142' title='bbox 224 2353 261 2406; x_wconf 80' lang='lat' dir='ltr'><strong>lit</strong></span> <span class='ocrx_word' id='word_1_143' title='bbox 272 2353 426 2420; x_wconf 77' lang='lat' dir='ltr'><strong>Scythicum</strong></span> <span class='ocrx_word' id='word_1_144' title='bbox 437 2353 580 2406; x_wconf 81' lang='lat' dir='ltr'><strong>inviolatus</strong></span> <span class='ocrx_word' id='word_1_145' title='bbox 592 2369 703 2407; x_wconf 87' lang='lat' dir='ltr'><strong>amnem.</strong></span> 
     </span>
     <span class='ocr_line' id='line_1_34' title="bbox 156 2421 654 2485; baseline 0 -11"><span class='ocrx_word' id='word_1_146' title='bbox 156 2421 210 2474; x_wconf 84' lang='lat' dir='ltr'><strong>Vos</strong></span> <span class='ocrx_word' id='word_1_147' title='bbox 222 2421 350 2474; x_wconf 80' lang='lat' dir='ltr'><strong>Gaesarem</strong></span> <span class='ocrx_word' id='word_1_148' title='bbox 361 2421 453 2485; x_wconf 84' lang='lat' dir='ltr'><strong>altum,</strong></span> <span class='ocrx_word' id='word_1_149' title='bbox 464 2422 562 2475; x_wconf 90' lang='lat' dir='ltr'><strong>militia</strong></span> <span class='ocrx_word' id='word_1_150' title='bbox 574 2423 654 2474; x_wconf 92' lang='lat' dir='ltr'><strong>simul</strong></span> 
     </span>
     <span class='ocr_line' id='line_1_35' title="bbox 156 2486 626 2559; baseline -0.002 -16"><span class='ocrx_word' id='word_1_151' title='bbox 156 2489 248 2543; x_wconf 82' lang='lat' dir='ltr'><strong>Fessas</strong></span> <span class='ocrx_word' id='word_1_152' title='bbox 260 2486 378 2540; x_wconf 83' lang='lat' dir='ltr'><strong>cohortes</strong></span> <span class='ocrx_word' id='word_1_153' title='bbox 389 2488 505 2540; x_wconf 75' lang='lat' dir='ltr'><strong>addidit‘</strong></span> <span class='ocrx_word' id='word_1_154' title='bbox 515 2491 626 2559; x_wconf 90' lang='lat' dir='ltr'><strong>oppidis,</strong></span> 
     </span>
    </p>
   </div>
   <div class='ocr_carea' id='block_1_3' title="bbox 373 2633 592 2676">
    <p class='ocr_par' dir='ltr' id='par_1_16' title="bbox 373 2633 592 2676">
     <span class='ocr_line' id='line_1_36' title="bbox 373 2633 592 2676; baseline 0.032 -6"><span class='ocrx_word' id='word_1_155' title='bbox 373 2633 471 2672; x_wconf 71' lang='lat' dir='ltr'><strong>‘abdidit</strong></span> <span class='ocrx_word' id='word_1_156' title='bbox 502 2637 592 2676; x_wconf 78' lang='lat' dir='ltr'><strong>reddidit</strong></span> 
     </span>
    </p>
   </div>
   <div class='ocr_carea' id='block_1_4' title="bbox 0 0 934 2874">
    <p class='ocr_par' dir='ltr' id='par_1_17' title="bbox 0 0 934 2874">
     <span class='ocr_line' id='line_1_37' title="bbox 0 0 934 2874; baseline 0 2"><span class='ocrx_word' id='word_1_157' title='bbox 0 0 934 2874; x_wconf 95' lang='lat' dir='ltr'><strong> </strong></span> 
     </span>
    </p>
   </div>
  </div>
 </body>
</html>
