1908 2886
113 114 163 166 194
429 115 580 169 HORA'PII

111 217 182 281 Quid
188 217 255 270 mihi
262 216 351 270 Gelrur
358 215 431 284 agit?
449 215 563 267 monitus
570 213 737 282 multumque
743 213 903 279 monendus,

111 285 232 340 Privatae
244 292 275 339 ut
287 292 387 354 quaerat
398 301 459 353 opes
471 291 498 336 et
509 290 617 351 tangere
628 283 695 335 vitet

110 355 221 425 Scripta,
235 355 372 408 Palatinus
384 370 546 422 quacunque
557 352 656 421 recepit
668 351 776 421 Apollo;

110 421 159 492 Ne,
172 425 272 478 eiiorte
283 441 342 478 suar
353 423 495 492 repetitum
507 421 608 474 venerit
620 420 682 473 olim

112 495 182 548 Grex
194 494 282 547 arium
294 494 404 561 plumes,
415 497 519 544 moveat
531 490 663 542 cornicula
674 490 756 542 risum

112 563 227 617 Furtivie
239 563 340 615 nudata
352 561 486 614 coloribus.
522 561 581 628 Ipse
593 559 657 628 quid
669 558 765 612 auderi
870 563 905 612 20

113 633 178 698 Quoe
190 632 382 685 circumvolitas
393 631 470 698 agilis
482 629 592 697 thymai
627 629 651 680 N
653 646 687 681 on
698 629 748 681 tibi
760 645 878 697 parrum

113 702 261 771 Ingenium,
274 718 328 754 non
339 700 470 753 incultum
481 707 521 752 eet
533 705 559 752 et
571 698 684 767 turpiter
696 697 804 752 hirtum.

114 771 167 826 Seu
178 771 199 824 li
309 770 394 824 causis
406 769 479 822 acuis
491 785 537 820 eeu
549 769 632 820 civica
640 769 702 836 jura

114 840 217 911 Respon
236 857 278 894 ere
378 856 424 892 eeu
436 837 526 890 condis
537 836 648 890 amabile
660 854 772 903 carmen,

114 909 205 963 Prima
215 909 282 963 feres
313 910 397 962 edera
409 907 525 961 victricis
537 906 651 975 prumia
687 906 762 971 Quod
774 906 798 958 ei

114 978 223 1048 urigiu
234 996 356 1032 curarum
367 978 484 1030 fomenta
495 977 643 1044 relinquere
654 992 748 1044 poenes,

116 1048 172 1112 Quo
184 1055 211 1102 te
223 1048 333 1102 coelestis
345 1046 474 1116 sapientia
486 1046 600 1111 duceret,
612 1045 669 1098 inea
934 1081 935 1132 1

115 1116 174 1172 Hoc
186 1135 257 1188 opus,
269 1117 318 1169 hoc
330 1117 448 1169 studium
458 1114 533 1184 parvi
544 1131 711 1183 properemus
722 1119 750 1168 et
762 1115 855 1184 ampli,
934 1135 935 1174 ι

115 1187 145 1242 si
190 1188 247 1240 trite
259 1186 384 1253 volumus,
397 1187 419 1238 ei
430 1185 504 1238 nobie
517 1185 604 1238 vivere
615 1183 676 1236 cari.
934 1175 935 1226 i

115 1257 156 1311 De
211 1257 261 1310 hoc
272 1256 353 1310 etiam
364 1254 509 1321 rescribere,
521 1255 545 1307 ei
555 1254 605 1307 tibi
617 1269 684 1307 curae
872 1258 905 1308 30

117 1327 229 1390 Quantae
241 1326 379 1380 conveniet
390 1325 536 1391 Munatius,
548 1341 584 1377 an
594 1323 663 1376 mele
675 1329 746 1376 sarta

117 1395 208 1450 Gratia
219 1395 396 1464 nequidquam
408 1395 460 1447 coit
472 1398 499 1446 et
510 1393 673 1446 rescinditur.
709 1392 746 1446 At
758 1409 804 1446 roa

117 1463 170 1518 Seu
180 1465 280 1518 calidus
292 1465 398 1532 sanguis
410 1481 456 1516 eeu
466 1480 554 1516 rerum
564 1461 669 1514 inscitia
680 1468 760 1515 vexat

118 1533 249 1586 Indomita
261 1534 360 1587 cervice
371 1534 445 1599 feros,
458 1532 605 1600 ubicunque
617 1531 733 1584 locorum

118 1603 221 1670 Vivitia,
233 1602 336 1670 indigni
348 1603 494 1655 fraternum
504 1617 625 1669 rumpere
635 1599 728 1667 foedus,

118 1672 237 1727 Parcitur
248 1671 276 1723 in
288 1678 405 1724 vestrum
416 1671 530 1723 reditum
542 1670 631 1722 votiva
638 1671 759 1738 juvenca

202 1852 375 1909 EPIS'POLA
394 1850 515 1904 lu-ro
527 1860 637 1902 Auaron
649 1861 804 1900 rmumuu.

120 2031 189 2096 Quid
200 2047 271 2083 nuno
283 2035 310 2082 te
322 2028 408 2080 dicam
418 2027 504 2080 fecere
515 2027 544 2078 in
555 2026 660 2095 regione
671 2023 796 2078 Pedana?

120 2097 235 2153 Scribere
247 2098 316 2169 quod
328 2097 400 2151 Gaesi
413 2095 560 2148 Parmensis
571 2096 696 2164 opuscula
708 2096 806 2162 vineat,

116 1961 196 2022 Am,
209 1963 355 2010 nostrorum
367 1971 513 2009 sermonum
526 1953 635 2006 candide
643 1953 734 2021 judex,

119 2168 163 2222 An
174 2169 286 2222 tacitum
298 2168 375 2221 silves
386 2167 456 2220 inter
466 2171 568 2234 reptare
580 2165 703 2232 salubres,

120 2237 262 2290 (buentem
273 2237 401 2306 quidquid
413 2236 523 2304 dignum
536 2235 652 2302 sapiente
664 2233 782 2301 bonoque
794 2233 853 2286 esti

119 2304 180 2358 Nou
191 2311 222 2358 tu
234 2323 325 2384 corpur
337 2323 393 2358 eras
406 2306 460 2357 aine
472 2311 581 2373 pectore.
616 2302 652 2354 Di
665 2303 715 2355 tibi
727 2303 847 2370 formem,

119 2371 157 2424 Di
169 2372 219 2423 tibi
230 2373 336 2424 divitiae
348 2375 476 2425 dederunt
488 2378 622 2454 artemque
634 2372 745 2426 fruendi.

121 2438 192 2499 Quid
204 2444 296 2489 voveat
308 2441 379 2491 dulci
390 2440 523 2492 nutricula
534 2457 618 2508 majus
631 2441 744 2507 alumno,

121 2504 174 2564 Qui
186 2519 276 2581 rapere
287 2511 315 2555 et
326 2507 376 2558 fari
388 2509 468 2574 possit
480 2525 537 2576 quae
550 2510 654 2578 sentiat,
667 2517 693 2564 et
706 2511 750 2564 cui

122 2569 220 2645 Graue,
232 2570 444 2649 famnlvaletudo
456 2578 592 2646 continget
604 2580 709 2633 abunde
876 2585 908 2633 10

168 2637 281 2688 mundus
293 2645 384 2701 metue.
396 2661 449 2698 non
461 2644 597 2701 deficiente
609 2649 750 2703 crumenat
932 2665 933 2680 ι
