1908 2886
264 124 516 179 uplsuomssuu
537 124 556 177 l.
574 128 597 188 2,
616 129 640 176 3.
795 127 844 174 193

25 239 27 294 J
72 225 198 282 Sineemm
211 234 250 282 est
261 230 313 280 nisi
324 245 376 296 rae,
389 229 561 297 quodeunque
573 226 697 292 infundis,
709 226 810 278 acescit.

25 297 26 306 ’
73 296 161 365 Sperne
172 298 334 368 voluptatem
352 305 428 350 nocet
440 305 527 366 empta
539 297 625 350 dolore
638 296 764 365 voluptas.

72 365 171 436 Semper
180 385 274 421 avarus
287 374 346 436 eget
353 385 360 431 ;
378 373 478 420 certum
490 373 550 420 voto
562 374 621 435 pete
633 367 717 420 linem

25 453 26 468 ³
70 433 172 490 luridus
183 437 292 490 alterius
303 437 439 490 macrescit
450 437 526 490 rebus
538 438 631 505 opimis
642 457 650 503 ;

25 541 27 562 ‚
71 504 167 559 invidia
179 507 261 559 Siculi
272 524 325 559 non
337 507 459 560 invenere
470 507 577 574 tyranni

25 575 26 594 ¹
70 573 150 642 llajua
162 581 329 629 tormentum
365 575 416 641 Qui
428 592 480 627 non
492 574 668 628 moderabitur
679 575 732 642 ira,

70 641 194 697 Insertum
205 645 276 698 volet
288 663 349 712 esse,
361 644 433 697 dolor
444 644 513 713 quod
525 645 635 696 suaserit
647 650 674 696 et
684 662 765 712 mens,
810 647 845 699 60

69 711 132 765 Dum
143 731 233 783 poenas
245 715 304 768 odio
315 731 361 785 per
373 715 427 766 vim
438 714 546 766 festinat
557 713 649 766 inulto.

70 780 107 835 Ira
117 783 189 836 furor
200 783 285 837 brevis
297 791 350 837 est:
368 783 486 836 animum
496 799 565 851 rege,
574 783 621 852 qui
632 781 683 835 nisi
695 789 778 852 paret,

25 861 27 916 ᾖ
69 849 192 921 Imperat;
209 853 281 905 hunc
293 853 381 920 frenis,
393 853 464 904 hune
476 859 507 904 tu
519 869 650 921 compesce
662 858 762 906 eatena

25 927 26 982 l
69 918 153 990 Fingit
164 940 262 991 equum
273 929 364 976 tenera
375 921 485 975 docilem
496 923 594 974 cervisa
605 923 730 990 magister

69 988 105 1042 lre
116 991 193 1059 uam,
206 1009 259 1060 qua
269 996 396 1045 monstret
407 1008 498 1060 eques;
515 991 649 1044 venaticus
661 1008 694 1044 ex
706 1007 757 1060 quo

68 1057 186 1131 l'empore
198 1061 330 1114 cervinam
341 1061 437 1130 pellem
448 1061 557 1114 latravit
569 1063 598 1113 in
609 1062 677 1127 aula,

67 1126 162 1183 Militat
173 1133 202 1183 in
214 1131 287 1184 silvis
298 1131 408 1184 catulus.
444 1129 522 1182 Nunc
534 1129 628 1183 adhibe
640 1147 705 1199 puro

67 1195 170 1252 Pectore
181 1200 268 1268 verba,
279 1216 351 1269 puer,
364 1217 434 1253 nunc
446 1205 474 1252 te
485 1199 632 1252 melioribus
644 1200 714 1252 offer.

68 1267 118 1332 Quo
131 1268 209 1322 semel
222 1276 261 1322 est
273 1269 375 1323 imbuta
385 1285 474 1322 reeens
487 1269 600 1321 servabit
611 1268 715 1321 odorem

24 1385 25 1390 ,
66 1334 139 1391 Testa
150 1338 204 1392 diu.
241 1338 315 1404 Quod
327 1340 349 1391 si
362 1355 443 1391 cessas
455 1345 502 1391 aut
514 1344 635 1391 strenuus
647 1338 739 1405 anteit,
809 1341 842 1392 70

24 1399 25 1416 ¹
66 1403 116 1460 Nee
127 1407 233 1461 tardum
245 1409 363 1478 opperior
374 1425 422 1461 nee
435 1405 640 1477 precedentibus
652 1408 727 1462 insto.

163 1570 337 1626 EPISTOLA
355 1569 481 1624 Ill-si>
494 1584 601 1623 sumu!
615 1583 734 1622 rsoauu.

66 1671 82 1726 J
84 1689 131 1728 rar
144 1673 228 1741 Flore,
241 1672 335 1743 quibus
347 1678 475 1726 terrarum
485 1673 582 1726 militet
594 1673 645 1726 oris

65 1741 184 1798 Claudius
196 1737 312 1811 Augusti
322 1743 465 1811 privignus,
478 1743 543 1795 scire
554 1742 648 1795 laboro.

64 1810 195 1867 lbracane
206 1829 251 1865 vos
264 1812 419 1880 Hebrusque
430 1811 513 1864 nivali
524 1812 646 1881 compede
658 1810 768 1877 vinetus,

64 1882 103 1936 An
114 1884 183 1936 freta
194 1881 293 1934 vicinas
305 1881 375 1933 inter
386 1882 517 1934 currentia
528 1887 619 1946 turres,

64 1950 102 2006 An
132 1953 224 2020 ingues
236 1950 305 2003 Asia
318 1950 403 2020 campi
415 1951 543 2019 collesque
554 1948 704 2002 moranturl

65 1971 132 2086 Quid
137 2021 253 2074 studiosa
262 2020 465 2088 cohorsoperum
473 2019 569 2073 struitl
597 2019 841 2086 Hocquoqueeuro.

65 2089 124 2154 Quis
136 2091 186 2144 sibi
197 2107 238 2142 res
250 2095 335 2158 gestas
347 2089 460 2158 Augusti
473 2090 582 2142 scribere
595 2086 691 2140 sumiti

63 2157 132 2214 Bella
141 2160 203 2282 &uis
215 2165 242 2212 et
254 2175 330 2229 paces
341 2159 449 2226 longum
461 2158 586 2212 diffundit
596 2159 625 2209 in
637 2155 738 2208 aevuml

64 2227 129 2292 Quid
163 2229 226 2283 itius
239 2229 357 2282 Romana
368 2228 440 2280 brevi
452 2233 577 2282 venturus
588 2226 617 2278 in
629 2225 690 2278 oral

63 2295 192 2352 Pindarici
204 2298 284 2350 fontis
296 2298 341 2366 qui
353 2313 405 2350 non
417 2297 546 2366 expalluit
557 2298 672 2364 haustus,
809 2298 841 2348 10

63 2364 188 2422 Fastidire
200 2367 271 2420 lacus
284 2373 311 2419 et
321 2367 390 2419 rivos
402 2384 480 2419 ausus
492 2373 600 2436 apertos.

63 2434 97 2488 Ut
108 2436 196 2490 valeti
215 2442 247 2488 ut
258 2436 378 2488 meminit
390 2435 489 2488 nostril
523 2435 665 2488 Fidibusne
677 2435 777 2487 Latinis

63 2503 193 2560 Thebanos
206 2511 297 2574 aptare
308 2505 396 2556 modos
408 2505 497 2557 studet
508 2505 612 2572 auspice
626 2502 708 2570 Musa,

62 2575 100 2628 Aa
112 2576 215 2644 tragica
227 2573 334 2628 desaevit
346 2579 373 2624 et
384 2573 545 2640 ampullatur
557 2573 585 2624 in
597 2570 669 2624 artel

99 2669 163 2710 uolt·
440 2662 455 2697 ⁰
