1858 2874
272 134 470 187 oAuMJuuu
487 133 508 184 1.
525 136 549 199 e,
561 134 587 183 4.

139 239 195 293 Leti
208 242 335 310 corripuit
347 242 467 308 gradum.

173 311 305 378 Expertus
319 329 429 362 vacuum
444 310 566 362 Daedalus
579 311 640 362 aera

140 379 234 430 Pennis
247 396 299 430 non
314 380 413 430 homini
426 381 493 430 datis
506 399 512 442 ;

172 449 295 516 Perrupil
310 449 458 500 Acheronta
473 449 618 500 Herculeus
630 447 711 500 labor.

140 516 182 568 Nil
195 518 350 568 mortalibus
363 518 439 567 ardui
452 524 506 580 est3

171 586 273 637 (loelum
287 587 374 653 ipsum
387 587 500 653 petimus
514 586 636 652 stultitia,
648 601 733 653 neque

139 653 187 706 Per
198 661 319 706 nostrum
333 657 450 720 patimur
463 655 546 706 scelus

171 724 307 777 Iracunda
319 723 338 778 J
339 740 415 776 ovem
427 738 523 792 ponere
536 723 656 776 fulmine
768 719 773 728 '
792 721 827 770 40

199 966 349 1021 CARMEN
367 967 487 1023 1v.-l1›
502 986 524 1023 u
537 986 664 1026 susumus.

53 1103 179 1160 Solum
191 1108 258 1161 aeris
270 1109 354 1162 hiems
366 1114 443 1178 grata
455 1111 511 1162 viee
525 1112 590 1162 veris
603 1116 629 1162 et
643 1110 751 1178 Favoni,

109 1177 277 1246 llehunlque
290 1179 371 1230 siccas
382 1179 511 1230 machinae
525 1181 633 1232 carinas.

13 1275 14 1294 l
51 1243 82 1294 Ae
91 1261 171 1312 neque
179 1247 238 1313 jam
250 1247 360 1298 stabulis
407 1248 471 1299 udel
483 1265 562 1316 pecus
575 1254 623 1300 aut
635 1254 721 1299 arator
734 1247 807 1314 igni;

108 1313 161 1366 Nec
172 1321 251 1383 prata
262 1316 335 1366 canis
347 1315 372 1367 al
391 1317 463 1368 icant
475 1317 584 1384 pruinis.

50 1377 103 1433 lam
114 1383 242 1450 Cytherea
254 1384 344 1436 choros
356 1385 431 1436 ducit
444 1385 533 1436 Venus
546 1384 699 1435 imminente
712 1384 795 1451 Luna,

108 1452 267 1520 Junctaeque
278 1450 409 1520 Nymphis
423 1453 519 1504 Gratiae
532 1454 653 1504 decentes

49 1517 145 1572 Allemo
157 1527 255 1573 terrem
268 1522 394 1588 quatiunt
406 1523 478 1589 pede,
492 1523 556 1572 dum
568 1539 660 1589 graves
675 1520 815 1590 Cyclopum

13 1607 14 1644 ὲ
107 1589 241 1642 Vulcanus
253 1590 347 1642 ardens
359 1591 413 1640 urit
426 1591 548 1642 officinas.

48 1653 114 1710 llune
125 1659 200 1710 <lecet
212 1665 260 1711 aut
272 1658 350 1710 viridi
363 1658 478 1710 nitidum
490 1665 570 1727 eaput
582 1659 710 1727 impedire
721 1663 807 1728 myrto

105 1727 159 1779 Aut
171 1728 241 1793 flore,
254 1733 330 1778 lerrae
343 1745 422 1794 quem
433 1727 524 1780 ferunt
536 1727 635 1780 solutae.
793 1730 825 1780 10

47 1790 114 1848 Nune
125 1802 152 1848 et
164 1797 193 1848 in
205 1795 334 1848 umbrosis
347 1795 440 1848 Fauno
452 1797 526 1848 decet
538 1798 673 1849 immolare
684 1797 758 1863 lucis,

105 1865 156 1917 Seu
167 1872 259 1933 poseat
271 1873 354 1932 agna²
367 1863 421 1917 sive
433 1865 510 1918 malit
522 1865 603 1918 heedo.

47 1927 138 1986 Pallida
149 1934 222 1986 Mors
235 1951 309 2002 aequo
321 1933 410 2002 pulsat
422 1935 488 2002 pede
501 1951 647 2004 pauperum
659 1932 781 1986 labemus

105 2001 259 2070 Regumque
271 2008 366 2056 turres.
403 2003 424 2055 Ο
436 2003 512 2056 beate
525 2002 600 2072 Sesti,

46 2065 105 2122 lite
116 2088 220 2124 summa
231 2070 316 2123 brevis
329 2089 401 2139 spem
413 2089 459 2124 nos
472 2077 546 2124 vetat
557 2071 681 2124 inchoare
693 2069 808 2142 longum.

103 2139 166 2192 lem
178 2147 205 2192 te
218 2146 320 2208 premet
332 2158 385 2192 nox
396 2139 546 2208 sebulaeque
558 2139 651 2192 Manes

44 2201 74 2257 Et
84 2207 173 2261 domus
185 2209 263 2260 exilis
276 2208 417 2273 Plutonia3
435 2227 486 2278 quo
499 2209 578 2260 simul
589 2209 691 2277 mensis,

102 2277 127 2329 N
128 2295 157 2330 ee
169 2295 253 2345 regna
264 2278 320 2330 vini
333 2278 439 2330 sortiere
451 2278 520 2344 telis,

43 2339 90 2398 llee
100 2350 222 2398 tenerum
234 2347 352 2414 Lycidan
363 2347 498 2414 mirabere,
511 2363 563 2414 quo
575 2346 644 2399 calet
652 2348 780 2414 juventus

101 2413 181 2470 Nune
193 2416 279 2469 omnis
291 2423 318 2469 et
329 2433 392 2468 mox
404 2415 519 2484 virgines
532 2416 667 2485 tepebunt.
789 2417 824 2467 20

286 2531 296 2554 ⁸
313 2535 406 2576 sgnum·
421 2551 429 2568 .
443 2551 450 2566 .
464 2525 556 2566 haedum.
