1908 2886
115 125 179 194 aar
429 113 580 168 nourrii

109 225 153 280 Sic
164 227 252 280 fautor
263 232 388 294 veterum,
401 233 433 280 ut
446 226 549 280 tabulas
561 243 667 295 peccare
681 232 807 294 vetantes,

110 296 180 360 Quas
192 295 232 348 bis
245 297 422 366 quinqueviri
436 305 586 362 sanxerunt,
599 297 698 348 foedera
709 314 802 364 regum

111 365 160 419 Vol
174 366 262 419 Gabiis
275 367 315 418 vel
328 383 389 418 cum
401 367 492 434 rigidis
504 373 607 433 aequata
620 365 730 432 Sabinis,

110 433 268 488 Pontificum
280 435 366 500 libros,
379 453 476 488 annosa
489 435 623 487 volumina
635 441 726 487 ratum

111 503 223 556 Dictitet
235 504 336 557 Albano
349 505 438 557 Musas
450 505 479 556 in
491 510 578 556 monte
591 504 721 572 loquutus.

111 572 147 640 si,
159 573 222 642 quia
234 574 382 626 Graecorum
394 579 455 626 sunt
467 574 649 642 antiquissima
662 591 771 642 quaeque

111 641 215 710 Scripta
226 643 267 695 rel
280 643 386 712 optima,
399 644 510 695 Romani
522 649 665 712 pensantur
676 644 767 696 eadem

112 711 254 792 Scriptores
266 713 373 778 trutina,
385 731 439 765 non
451 718 490 765 est
503 713 571 780 quod
583 713 668 765 multa
679 712 832 782 loquamur:
869 719 902 767 30

112 779 158 833 Nil
169 787 240 834 intra
252 787 291 834 est
303 782 393 848 oleam,
405 782 443 834 nil
457 787 532 834 extra
544 788 584 834 est
598 783 626 833 in
639 799 706 835 nuce
718 784 778 836 duri
785 803 792 848 ;

113 849 240 902 Venimus
252 851 286 903 ad
299 869 429 903 summum
441 851 561 919 fortuna,
592 851 706 920 ingimus
719 860 798 922 atque

112 918 253 972 Psallimus
265 927 292 972 et
304 921 434 973 luctamur
446 920 553 972 Achivis
566 869 677 973 ‹iirctiusl
691 924 786 976 unctis.

113 989 142 1043 si
154 990 260 1042 meliora
271 990 334 1056 dies,
346 995 377 1042 ut
389 990 458 1056 vina,
471 991 593 1057 poemata
605 991 699 1057 reddit,

114 1059 185 1111 Scire
197 1059 283 1126 velim,
296 1059 393 1112 chartis
405 1059 519 1128 pretium
532 1066 627 1128 quotus
640 1066 742 1129 arroget
754 1077 849 1114 annus.

114 1127 230 1196 Scriptor
241 1127 337 1181 abhinc
349 1146 430 1181 annos
443 1135 549 1180 centum
561 1129 607 1197 qui
619 1127 723 1196 decidit,
737 1130 808 1182 inter

114 1195 246 1250 Perfectus
258 1203 408 1266 veteresque
419 1197 510 1250 referri
523 1197 607 1265 debet,
620 1215 654 1250 an
667 1199 735 1250 inter

115 1265 187 1320 Viles
199 1272 278 1336 atque
290 1267 386 1320 novosl
405 1267 538 1320 Excludat
547 1267 637 1336 jurgia
648 1267 715 1320 finis.
728 1295 766 1304 -

114 1335 163 1389 Est
175 1341 250 1390 vetus
263 1341 342 1405 atque
355 1336 457 1404 probus,
469 1341 577 1388 centum
589 1337 634 1404 qui
646 1337 748 1404 perficit
760 1355 851 1391 annos.
859 1363 893 1371 -

116 1405 193 1471 Quid,
206 1406 253 1473 qui
265 1406 376 1474 deperiit
387 1406 473 1458 minor
485 1423 536 1458 uno
548 1423 637 1458 mense
649 1406 691 1458 rel
703 1423 779 1474 anno,
870 1411 903 1458 40

116 1473 190 1527 Inter
202 1491 266 1543 quos
278 1475 428 1528 referendus
441 1475 508 1528 eritl
527 1481 660 1529 veteresne
673 1477 772 1544 poetas,

115 1543 159 1596 An
171 1561 234 1611 quos
246 1551 273 1597 et
284 1561 396 1612 presens
408 1550 436 1596 et
448 1550 551 1612 postera
562 1551 668 1613 respuat
681 1545 761 1599 aetasl
771 1571 807 1580 -

117 1613 171 1665 Iste
183 1613 289 1682 quidem
301 1620 400 1666 veteres
412 1613 481 1665 inter
493 1620 605 1682 ponetur
615 1614 730 1676 honeste,

118 1681 169 1745 Qui
180 1682 223 1735 vel
234 1699 322 1735 mense
334 1683 406 1735 brevi
419 1683 461 1735 vel
473 1688 529 1736 toto
542 1689 581 1735 est
589 1684 678 1752 junior
690 1700 766 1737 anno.
777 1711 813 1722 -

116 1751 184 1803 Utor
195 1752 318 1820 permisso
331 1751 473 1820 caudaeque
485 1753 551 1821 pilos
564 1759 595 1804 ut
607 1753 708 1820 equine

116 1819 260 1874 Paullatim
273 1821 341 1874 vello
353 1828 379 1873 et
391 1821 466 1874 demo
479 1839 569 1888 unum,
582 1821 657 1874 demo
669 1821 784 1874 iteruml
797 1839 890 1888 unum,

117 1889 189 1943 Dum
201 1891 279 1943 cadat
291 1891 378 1943 elusus
390 1891 491 1943 ratione
504 1891 604 1944 ruentis
617 1891 711 1957 acervi,

119 1960 171 2023 Qui
182 1960 251 2013 redit
263 1960 291 2012 iu
303 1961 384 2012 fastos
396 1966 423 2013 et
436 1961 562 2013 virtutem
575 1961 689 2012 aestimat
700 1960 777 2013 annis

118 2028 284 2098 Miraturque
296 2030 370 2096 nihil,
383 2031 434 2082 nisi
447 2031 516 2097 quod
529 2030 646 2082 Libitina
658 2031 779 2083 sacravit.

118 2097 220 2152 Ennius
233 2107 260 2152 et
272 2100 374 2168 sapiens
387 2106 414 2152 et
426 2100 501 2151 fortis
513 2107 539 2152 et
551 2099 618 2152 alter
631 2099 770 2168 Homerus,
878 2105 908 2152 50

119 2167 157 2220 Ut
170 2169 254 2221 critici
266 2169 367 2234 dicunt,
380 2168 473 2221 leviter
485 2186 576 2222 curare
588 2169 701 2235 ridetur,

121 2237 178 2300 Quo
187 2239 315 2318 promissa
327 2239 423 2290 cadant
436 2245 462 2290 et
474 2239 575 2290 somnia
587 2237 759 2306 Pythagorea

120 2305 226 2358 Navius
238 2309 267 2359 in
278 2307 400 2360 manibus
413 2325 465 2360 non
478 2314 517 2360 est
529 2313 555 2359 ct
568 2307 700 2360 mentibus
712 2308 794 2360 haeret

121 2374 200 2426 Paene
214 2377 317 2429 recensi
336 2377 408 2429 Adeo
421 2384 541 2430 sanctum
554 2382 593 2428 est
605 2383 679 2430 vetus
692 2395 768 2430 omne
780 2377 883 2446 poema.

120 2443 272 2511 Ambigitur
285 2446 404 2512 quotiens
417 2453 476 2498 uter
487 2452 547 2498 utro
559 2447 594 2499 sit
606 2446 682 2514 prior,
696 2447 784 2500 aufert

121 2512 251 2563 Pacuvius
263 2513 333 2564 docti
345 2515 444 2566 famam
457 2517 531 2578 senis,
545 2515 640 2568 Accius
652 2516 710 2582 alti,

124 2579 227 2630 Dicitur
238 2579 333 2632 Afrani
346 2588 408 2648 toga
420 2585 569 2636 convenisse
581 2584 736 2650 Menandro,

234 2661 241 2691 Ι
254 2666 324 2705 eritius
701 2669 709 2696 '¹
724 2679 745 2712 et
754 2673 803 2712 item
