1866 2874
257 154 452 211 ossumuu
471 155 528 208 111.
545 157 587 222 ue,
605 159 647 208 eo.
804 157 833 208 ur

18 17 19 42 l

17 93 22 332 i
153 257 269 311 Clamore
280 259 427 328 vicinaeque
439 259 520 326 silves,

184 327 272 391 Quum
283 328 340 380 feru
351 329 464 380 diluvies
477 329 578 397 quietos
804 331 838 380 40

17 385 23 614 Ι
119 393 316 448 lrritetumnes.
351 396 401 448 Ille
448 404 506 450 tens
518 397 560 449 sui

17 1213 19 1248 v

17 1317 18 1344 l

118 462 254 532 lsaetusque
266 464 352 531 deget,
364 465 407 516 oui
432 466 482 517 'oet
493 466 522 517 in
534 465 606 518 diem

135 529 247 600 Dixisse,
257 532 351 586 “Vixi:
363 549 420 584 eres
431 533 474 586 vel
486 539 546 586 utre

181 599 260 653 Nube
270 601 362 669 polum
374 600 454 654 Peter
465 607 600 671 oocupato‚

115 666 162 720 Vel
174 669 228 720 sole
239 686 323 737 puro3
340 686 394 721 non
405 675 496 722 tumen
506 671 613 723 irritum

116 736 290 806 Quodcunque
301 743 372 790 retro
384 744 431 806 est,
443 738 545 804 efficiet,
556 753 643 806 neque

145 805 274 874 Diffinget
285 806 464 874 infectumque
475 807 575 873 reddet,

180 874 256 938 Quod
268 875 374 942 fugiens
386 875 465 928 semel
477 875 542 928 horu
552 875 634 929 vexit.

113 939 229 995 Fortuna
240 960 309 996 soevo
320 943 383 995 lsetu
395 943 500 1011 negotio
512 950 539 996 et

112 1008 215 1063 ludum
227 1011 384 1064 insolentem
395 1012 485 1064 ludere
497 1011 621 1081 pertinax

144 1079 316 1133 'lrunsmutut
327 1080 439 1133 incertos
450 1080 570 1144 honores,

179 1149 257 1202 Nsmo
268 1149 344 1216 mihi,
355 1165 428 1202 nune
440 1149 487 1202 ulii
498 1148 620 1216 benigna.

110 1213 198 1270 qudo
209 1223 361 1270 manentem
367 1237 375 1281 3
393 1218 414 1270 si
426 1218 522 1270 celeres
533 1217 620 1286 quatit

112 1283 221 1352 Pennus,
233 1287 337 1354 resigno
349 1302 409 1354 quae
421 1286 495 1338 dedit
507 1291 535 1339 et
546 1303 606 1338 mes

144 1353 252 1408 Virtute
262 1371 305 1407 me
317 1355 421 1408 involvo
432 1354 591 1423 probumque

179 1422 335 1492 Pauperiem
347 1423 403 1476 sine
415 1423 476 1476 dote
487 1439 582 1491 quaero.

17 1553 18 1557 Ἰ
109 1489 169 1544 Non
181 1498 221 1544 est
232 1509 329 1557 meum,
343 1492 365 1544 si
376 1492 479 1560 mugiet
490 1493 587 1544 Afiiois

108 1559 196 1613 Mulus
208 1560 335 1628 procellis,
347 1561 382 1613 ud
393 1561 501 1614 miserus
512 1577 601 1631 preoes

142 1628 287 1682 Decurrere
298 1635 326 1682 st
337 1629 405 1682 votis
417 1629 521 1698 peoisci,

176 1697 218 1752 Ne
230 1698 331 1766 prriae
343 1697 480 1767 Tyriosque
491 1715 589 1752 meroes

105 1765 216 1820 Addunt
228 1783 307 1820 uvuro
319 1767 426 1821 divitius
437 1767 511 1820 muri

104 1835 181 1889 runo
192 1853 235 1888 ms
246 1835 352 1888 biremis
363 1836 484 1904 praesidio
497 1835 600 1904 souphoe

139 1904 241 1956 'lutum
252 1921 299 1972 per
309 1905 412 1972 AEgaeos
424 1904 556 1957 tumultus

174 1972 249 2026 Auru
260 1973 327 2026 feret
338 1974 511 2042 geminusque
522 1971 642 2026 Pollux.”

163 2184 312 2242 olulfflrv
329 2187 485 2241 m-sn
498 2202 698 2243 usuroururs.

97 2313 197 2366 Exne1
208 2318 410 2367 monumentum
421 2331 473 2366 aere
484 2312 623 2381 perennius

98 2381 251 2450 Rege-lique
263 2382 317 2435 situ
328 2383 495 2452 pyramidum
506 2381 603 2444 ultius;

97 2450 181 2516 Quod
192 2466 246 2502 non
257 2450 341 2504 imber
352 2451 427 2517 edax,
439 2467 493 2502 non
504 2450 528 2501 A
546 2450 601 2502 uilo
612 2449 743 2516 impotens

95 2518 189 2572 Possit
201 2519 312 2585 diruere,
316 2525 364 2572 eut
374 2517 538 2570 innumereb'
553 2517 558 2530 '

18 2615 19 2622 1
94 2588 241 2641 Annorum
253 2589 331 2640 series
343 2593 370 2639 et
381 2587 448 2652 fuge
459 2591 615 2652 temporum.
642 2645 649 2658 .

91 2657 120 2712 N
119 2673 161 2711 on
173 2655 259 2710 omnis
270 2655 374 2720 morior,
378 2651 514 2721 multoque
526 2666 587 2719 pars
597 2662 650 2698 mer

32 2737 87 2781 uon.
419 2737 437 2772 o
