1866 2874
255 125 467 178 scriniaru
487 125 510 176 1.
528 127 553 192 a
571 129 596 178 c
769 111 817 164 137

35 225 164 292 ramosus,
175 225 262 278 multa
274 243 335 277 cum
347 225 468 276 libertate
479 225 614 278 notabant.

35 294 101 347 Hinc
112 295 199 347 omnis
211 295 309 362 pendet
322 294 444 359 Lucilius,
457 295 532 346 hosce
545 302 678 362 sequutus,

35 362 143 416 Mutatis
157 370 264 414 tantum
275 362 385 430 pedibus
398 364 579 430 numerisque;
597 363 706 430 facetus,

36 431 169 484 Emunctae
181 432 261 494 neris,
273 431 355 482 durus
367 447 519 498 componere
532 449 628 484 versus.

36 499 100 552 Nam
110 501 166 552 fuit
177 499 228 552 hoc
239 501 363 552 vitiosus:
381 500 410 550 iu
422 499 486 552 hore
498 517 566 568 saepe
578 500 711 567 ducentos,

37 567 72 620 Ut
82 586 216 636 magnum,
229 585 318 620 versus
330 567 447 620 dictabat
461 575 533 621 stans
544 569 610 636 pede
623 569 651 620 in
663 585 723 622 uno.
789 571 821 620 10

38 636 121 700 Quum
131 638 226 689 flueret
237 637 394 701 lutulentus,
406 643 462 688 erat
475 638 544 703 quod
557 637 647 689 tollere
660 638 753 702 velles3

39 705 157 758 Garrulus
170 713 250 774 atque
262 707 337 774 piger
348 706 477 758 scribendi
489 708 556 758 ferre
568 705 690 773 laborem,

39 773 169 826 Scribendi
181 781 265 827 recte:
285 791 345 826 nam
358 781 389 826 ut
400 775 522 841 multum,
534 774 573 826 nil
582 791 673 826 moror.
709 773 785 842 Ecce,

39 843 168 912 Crispinus
180 844 291 896 minimo
302 860 344 895 mc
357 848 492 910 provocat:
513 848 529 876 ‘⁴
537 848 640 916 Accipe,
653 845 676 898 si
687 845 734 911 vis,

38 911 170 981 Accipiam
182 913 301 975 tabulas3
319 913 396 964 detur
407 910 481 964 nobis
492 911 571 978 locus,
584 912 654 978 hora,

39 981 174 1044 Custodem
193 981 329 1033 videamus
340 987 401 1032 uter
412 981 472 1048 plus
484 979 594 1032 scribere
606 979 710 1050 possit.”

38 1050 71 1100 Di
84 1050 288 1114 benefecerunt,
301 1050 386 1118 inopis
398 1067 440 1102 me
452 1050 572 1118 quodque
584 1049 674 1117 pusilli

39 1117 184 1170 Finxerunt
196 1119 285 1185 enimi,
297 1136 355 1170 raro
367 1125 395 1170 et
406 1135 537 1186 perpauca
549 1118 686 1186 loquentis.

39 1186 73 1239 At
84 1195 114 1240 tu
126 1188 262 1240 conclusas
274 1188 383 1239 hircinis
394 1187 500 1238 follibus
513 1205 597 1252 auras,

40 1255 124 1324 Usque
138 1256 293 1322 laborantes,
306 1257 369 1308 dum
381 1256 479 1307 ferrum
491 1256 594 1307 molliat
606 1255 682 1324 ignis,
791 1259 826 1308 20

40 1323 74 1376 Ut
85 1325 176 1390 mavis,
189 1325 300 1378 imitare.
336 1325 434 1376 Beatus
447 1325 564 1376 Fannius
576 1324 646 1376 ultro

40 1392 137 1445 Delatis
149 1395 233 1462 capsis
246 1400 273 1446 et
285 1394 414 1460 imagiue3
433 1411 515 1460 quum
527 1411 586 1445 mea
598 1411 674 1446 nemo

40 1460 140 1528 Scripta
151 1462 224 1530 legat
236 1463 315 1528 vulgo
327 1463 438 1514 recitare
449 1462 568 1513 timentis
580 1462 612 1514 ob
624 1462 692 1514 hanc
704 1479 766 1520 rem,

41 1530 113 1593 Quod
125 1539 188 1583 sunt
200 1547 265 1598 quoe
276 1547 359 1598 genus
372 1531 421 1582 hoc
432 1531 540 1582 minime
546 1533 631 1598 juvat,
639 1538 730 1600 utpote
740 1531 827 1600 plures

41 1599 142 1668 Oulpari
155 1600 255 1667 dignos.
292 1600 415 1663 Quemvis
426 1600 513 1652 media
525 1617 586 1652 erue
598 1601 688 1652 turba:

41 1666 93 1720 Aut
105 1669 137 1720 ob
150 1669 289 1720 avaritiam
301 1675 349 1719 aut
361 1669 455 1720 misera
467 1668 609 1720 ambitione
620 1668 728 1721 laborat.

43 1734 90 1788 Hic
102 1743 248 1806 nuptarum
260 1737 360 1788 insanit
371 1737 509 1801 amoribus,
522 1737 565 1788 hic
577 1755 729 1805 puerorum

44 1803 122 1858 Hunc
135 1807 208 1874 capit
219 1807 323 1872 argenti
336 1806 472 1873 splendor;
491 1812 580 1874 stupet
593 1805 684 1857 Albius
697 1823 761 1868 aere;

43 1872 90 1926 Hic
103 1881 191 1926 mutet
202 1891 300 1926 merces
313 1882 435 1942 surgente
448 1891 464 1927 e
476 1875 528 1926 sole
540 1875 573 1926 ad
586 1892 646 1926 eum
660 1891 710 1941 quo

44 1940 196 2012 vespertina
208 1949 281 2010 tepet
293 1944 382 2011 regi0;
401 1944 464 2012 quin
477 1961 524 2012 per
534 1942 605 1995 mala
617 1959 732 2011 praeceps
793 1945 827 1994 30

43 2009 140 2078 Fertur,
152 2013 194 2064 uti
207 2012 295 2080 pulvis
307 2013 431 2064 collectus
443 2012 556 2077 turbine,
568 2029 602 2063 ne
614 2011 678 2080 quid

43 2077 148 2133 Summa
158 2081 285 2148 deperdat
297 2088 417 2133 metuens
429 2089 477 2133 eut
488 2081 598 2149 ampliet
612 2087 641 2132 ut
653 2098 715 2133 rem.

44 2147 135 2202 Omnes
147 2149 177 2201 hi
188 2155 313 2201 metuunt
325 2167 421 2216 versus,
434 2149 510 2202 cdere
522 2151 621 2218 poetas.

43 2215 173 2268 “Fanum
182 2215 300 2267 habetin
309 2231 405 2281 ccmu;
423 2218 500 2286 longe
508 2221 583 2287 fuge:
597 2221 738 2274 dummodo
747 2221 830 2273 risum

43 2279 167 2336 Excutiat
180 2282 237 2347 sibi,
249 2299 303 2334 non
315 2284 359 2336 hic
371 2286 494 2354 cuiquam
507 2297 597 2358 parcet
606 2292 707 2357 amico;

43 2349 82 2416 Et,
93 2352 269 2434 quodcunque
282 2353 360 2404 semel
372 2354 470 2407 chartis
479 2357 599 2424 illeverit,
612 2376 700 2413 omnes

44 2418 141 2473 Gestret
153 2438 170 2474 a
182 2421 260 2472 furno
272 2422 411 2475 redeuntes
423 2425 487 2477 scire
499 2426 610 2495 lacuque

44 2485 76 2539 Et
86 2505 182 2558 pueros
194 2495 221 2541 et
233 2489 323 2542 anus.”
358 2492 486 2559 Agedum,
499 2512 584 2562 pauca
596 2497 685 2567 accipe
698 2507 796 2552 contra.

45 2554 159 2611 Primum
172 2575 221 2626 ego
233 2575 275 2610 me
287 2559 400 2628 illorum,
413 2561 528 2614 dederim
540 2565 635 2633 quibus
648 2584 702 2619 esse
714 2570 806 2636 poetis,

44 2623 190 2697 Excerpam
198 2643 323 2681 numero:
341 2632 507 2697 nequeenim
519 2634 673 2684 concludere
682 2651 785 2684 versum
797 2639 830 2683 40

912 19 915 112 l

915 257 917 352 l
