1858 2874
94 125 128 176 10
338 135 341 140 “
413 126 566 178 HORA'l'll

92 227 139 283 Nil
151 229 344 300 desperandum
355 231 454 284 'leuere
466 231 533 285 duee
545 237 572 285 et
584 232 690 301 auspice
701 233 815 296 [leuem

163 300 254 353 Certus
267 301 337 353 enim
349 301 468 368 promisit
481 300 582 368 Apollo,

92 365 252 435 Ambiguam
264 370 359 422 tellure
371 387 439 422 nova
451 369 584 422 Salamina
595 370 721 422 futuram.

162 436 184 489 0
196 437 276 491 fortes
288 441 427 506 pejoraque
438 439 509 506 passi
842 445 876 493 30

91 501 198 558 Mecum
210 523 278 574 saepe
291 507 348 567 viri,
361 524 432 558 nunc
444 507 506 559 vino
517 507 609 575 pellite
621 524 713 572 euras;

161 574 223 627 Cras
235 575 328 643 ingens
339 575 494 628 iterabimus
506 575 617 644 aequer.’'

263 765 412 822 GARMEN
429 767 580 822 VIIl.-sn
593 784 710 824 arnmu.

90 873 191 942 laren,
203 875 253 944 die,
265 895 313 946 per
324 895 413 930 omnes

160 944 196 998 Te
208 945 276 1000 Deos
288 963 339 1014 ore,
352 946 464 1016 Sybarin
476 963 522 1000 eur
534 965 655 1017 properes
667 947 779 1000 amande

92 1011 202 1066 Perdere
210 1033 217 1078 ;
236 1032 283 1066 cur
294 1017 414 1083 apricum

160 1082 252 1136 Oderit
264 1101 394 1153 eampum,
406 1085 510 1154 patiens
522 1086 638 1156 pulveris
650 1090 730 1154 atque
743 1085 823 1140 solist

90 1150 143 1204 Gur
154 1168 241 1220 neque
252 1153 375 1206 militaris

160 1220 235 1274 Inter
248 1223 360 1290 aequales
372 1223 493 1291 equitat¹‚
506 1223 607 1276 Gallica
619 1240 667 1276 nee
678 1221 778 1292 lupatis

89 1287 240 1358 l'emperatl
252 1309 298 1344 ora
309 1291 407 1346 frenis?

159 1359 212 1442 Gur
223 1361 300 1444 timet
310 1361 410 1444 ilerum
422 1359 536 1415 Tiberim
549 1361 676 1430 tangeret
695 1361 747 1414 Gur
759 1359 864 1416 olivum

89 1425 352 1578 smggssrbiirbpiibiii
361 1516 445 1568 neque
454 1501 512 1567 jam
523 1498 606 1552 livida
617 1503 704 1568 gestat
716 1499 796 1552 armis
848 1505 882 1554 10

88 1563 208 1632 Braehra,
222 1583 290 1634 saepe
302 1567 380 1634 disco,

158 1633 232 1702 Saepe
244 1640 317 1687 trans
329 1635 408 1688 finem
417 1636 507 1704 jaculo
518 1635 613 1689 nobilis
625 1636 765 1706 expedite?

89 1701 159 1768 Quid
171 1704 245 1771 latet,
257 1709 288 1756 ut
299 1705 408 1756 marinae

158 1771 257 1824 Filium
268 1772 362 1826 dicunt
374 1773 493 1827 Thetidis
506 1775 554 1827 sub
566 1774 704 1828 lacrimosa
716 1775 800 1844 Trojae

87 1837 200 1908 Funera,
211 1859 245 1894 ne
257 1842 340 1896 virilis

157 1910 250 1965 Cultus
262 1912 291 1964 in
303 1912 401 1966 cadem
413 1917 440 1966 et
452 1913 545 1982 Lycias
558 1912 703 1982 proriperet
716 1915 858 1968 catervas?

225 2102 374 2158 eARMnrt
392 2104 510 2158 Ill—nn
524 2117 741 2158 rarnrnaonurr.

155 2206 252 2275 Vrnns,
264 2213 295 2261 ut
307 2209 363 2262 alta
375 2214 426 2262 stet
438 2208 499 2262 nive
511 2209 655 2262 candidum

155 2275 267 2343 Soracte,
279 2294 327 2330 nee
336 2281 394 2345 jam
406 2279 554 2332 sustineant
566 2297 632 2332 enus

189 2344 267 2398 Silvae
279 2345 434 2412 laborantes,
447 2347 561 2415 geluque

223 2413 348 2466 Flumina
359 2415 525 2466 constiterint
537 2420 623 2470 acute.

152 2481 271 2535 Disselve
282 2483 374 2549 frigus,
386 2481 460 2549 ligna
472 2500 550 2550 super
561 2484 619 2537 foce

153 2549 237 2618 large
248 2567 383 2619 reponens,
395 2554 475 2616 atque
487 2549 628 2618 benignius

249 2643 347 2704 ¹equitat
575 2635 582 2670 l
596 2652 706 2704 Temperet
