1866 2874
262 151 476 207 summensi
496 151 518 206 1.
538 153 561 220 7,
580 155 603 204 a.
781 155 831 203 uo
920 103 921 114 Ν

42 257 93 312 Hoc
103 260 207 313 miseras
218 260 290 328 plebi
303 259 391 313 stabat
403 277 539 312 commune
551 259 727 330 sepulchrum,
793 262 827 311 10

42 325 181 380 Pantolabo
194 345 290 380 scurrae
303 329 520 396 Nomentanoque
532 329 629 396 nepoti

42 394 109 448 Mille
121 397 202 464 pedes
213 399 242 448 in
254 399 348 462 fronte,
362 406 490 449 trecentos
502 397 595 464 cippus
607 397 636 447 in
648 413 742 464 agrum

43 462 88 516 llio
99 465 194 518 dabat:
215 465 330 517 Heredes
342 473 542 517 monumentum
555 483 588 517 ne
601 471 758 533 sequeretur.

42 530 110 584 Nunc
123 533 187 585 licet
200 534 325 601 Esquiliis
338 533 457 586 habitare
470 533 617 585 salubribus
629 539 708 601 atque

42 599 136 668 Aggere
149 603 179 653 in
191 603 280 669 aprico
292 603 409 669 spatiari,
422 619 474 669 quo
486 603 562 654 modo
575 602 663 653 tristes

43 667 106 721 Albis
118 670 260 721 informem
273 670 428 738 spectabant
440 670 540 722 ossibus
552 687 660 736 agrum;

41 735 120 798 Quum
133 738 202 789 mihi
215 755 267 789 non
280 745 387 790 tantum
399 739 521 805 furesque
533 739 646 804 feraeque
658 739 742 790 suitse

42 803 112 858 llunc
125 823 224 858 vexare
236 807 323 858 luciam
336 823 406 858 curse
419 813 481 858 sunt
493 814 572 873 atque
585 805 674 870 labori,

41 873 172 932 (Quantum
185 875 345 926 carminibus
357 892 417 941 quae
431 882 535 926 versant
547 881 626 940 atque
639 873 745 924 venenis

41 939 172 995 llumauos
186 944 300 1005 animos;
319 943 366 994 has
379 942 453 994 nullo
465 943 572 1010 perdere
584 958 689 1010 possum
793 944 827 994 20

40 1007 86 1062 Nec
98 1011 238 1079 prohibere
250 1011 334 1076 modo,
348 1011 426 1062 simul
439 1027 470 1062 ac
482 1028 550 1078 vaga
562 1011 626 1061 larua
638 1011 759 1062 decorum

40 1077 148 1131 Protulit
161 1097 197 1144 os,
210 1079 275 1146 qnin
288 1095 345 1131 ossa
357 1081 447 1146 legant
460 1079 604 1146 herbasque
616 1086 746 1133 nocentes.

42 1144 93 1198 l'idi
105 1155 212 1215 egomet
225 1148 302 1215 nigra
314 1148 475 1199 succinctam
487 1147 581 1199 vadere
593 1147 665 1214 palla

39 1212 170 1268 Canidiam
184 1215 295 1283 pedibus
307 1217 386 1267 nudis
399 1233 526 1284 posseque
538 1215 641 1282 capillo,

38 1282 96 1335 llum
108 1285 217 1352 Sagana
228 1287 326 1351 majore
339 1285 500 1336 ululantem:
519 1284 602 1351 pallor
614 1289 738 1350 utrasque

37 1349 141 1405 lecerat
154 1353 298 1404 horrendas
310 1353 444 1420 adspectu.
479 1351 600 1420 Scalpere
612 1358 710 1402 terram

39 1418 174 1488 Unguibus
188 1427 215 1472 et
227 1421 328 1488 pullam
341 1421 464 1472 divellere
476 1421 606 1472 mordicus
618 1435 715 1487 agnam

37 1487 189 1557 Coeperunt3
207 1506 283 1540 cruor
295 1490 323 1540 in
336 1491 432 1540 fossam
444 1490 574 1552 confusus,
586 1495 618 1539 ut
630 1489 692 1539 inde

39 1556 125 1610 llaues
139 1559 274 1623 elicerent,
286 1560 387 1609 animas
399 1575 521 1624 responsa
533 1557 648 1610 daturas.

38 1624 116 1680 [anea
129 1634 158 1679 et
172 1626 272 1692 effigies
284 1634 348 1690 erat,
361 1626 444 1678 altera
456 1643 543 1687 cerea;
563 1627 645 1693 major
793 1628 827 1678 30

36 1692 123 1759 lanea,
137 1711 199 1762 qnae
212 1695 295 1761 poenis
308 1700 482 1761 compesceret
495 1693 652 1747 inferiorem.

36 1761 108 1816 Cerea
120 1763 281 1830 suppliciter
293 1763 387 1817 stabat.
401 1762 538 1813 servilibus
551 1768 581 1814 ut
593 1779 652 1880 quae

35 1829 90 1884 Jam
103 1831 228 1900 peritura
239 1831 330 1897 modis.
367 1831 486 1882 Hecaten
499 1841 573 1882 vocat
585 1838 675 1896 atera,
688 1847 784 1883 saevam

35 1899 121 1953 Altera
134 1899 304 1966 Tisiphonem
341 1899 479 1966 Serpentes
491 1906 572 1964 atque
583 1899 685 1950 videres

35 1964 154 2021 Infernas
167 1984 253 2018 errare
266 1984 350 2031 canes,
364 1968 506 2034 lunamque
518 1967 662 2030 rubentem,

34 2033 68 2088 lle
78 2039 153 2090 foret
165 2035 207 2087 his
220 2036 302 2099 testis,
316 2043 374 2103 post
386 2053 483 2102 magna
495 2036 576 2087 latere
589 2035 733 2103 sepulchra.

34 2101 147 2158 Mentior
160 2114 189 2155 at
202 2104 223 2156 si
236 2103 308 2171 quid,
321 2104 417 2156 merdis
429 2113 510 2172 ceput
523 2104 644 2171 inquiner
656 2103 722 2155 albis

34 2171 182 2236 torcorum,
193 2179 274 2239 atque
287 2173 315 2223 in
327 2190 370 2224 me
382 2173 471 2224 veniat
483 2173 594 2224 mictum
607 2179 686 2239 atque
699 2177 821 2224 cacatum

33 2240 118 2295 Julius
133 2249 164 2294 et
175 2241 278 2306 fragilis
292 2241 413 2292 Pediatia
425 2241 520 2307 furque
533 2241 659 2292 Vorenus.

33 2308 72 2361 Sin
93 2312 142 2365 ula
149 2309 214 2377 quid
224 2309 382 2362 memoreml
396 2310 639 2377 quopectoalterna
648 2309 784 2376 loquentes
793 2309 828 2358 40

34 2329 136 2432 Umbrae
149 2395 212 2430 cum
225 2377 330 2444 Sagana
341 2385 492 2430 resonarent
504 2379 580 2430 triste
592 2385 620 2428 et
632 2386 749 2444 acutum,

33 2445 116 2516 thue
130 2447 191 2515 lupi
204 2445 315 2497 barbam
327 2447 405 2497 variae
418 2463 480 2498 cum
491 2446 570 2498 dente
583 2446 694 2497 colubrae

33 2515 192 2569 Abdiderint
204 2513 299 2566 furtim
312 2515 395 2579 terris,
408 2521 434 2566 et
447 2515 561 2581 imagine
574 2531 648 2566 cerea

33 2583 139 2654 largior
152 2583 248 2636 arserit
260 2583 337 2650 iguis,
350 2589 376 2635 et
388 2589 419 2634 nt
431 2599 484 2634 non
497 2583 571 2634 testis
584 2583 685 2633 inultus

32 2651 190 2708 Horruerim
201 2668 278 2705 voces
290 2651 430 2704 Furiarum
442 2657 470 2703 st
481 2651 553 2703 facta
565 2651 686 2700 duarum.

863 2745 927 2844 A
