1908 2886
130 91 183 142 246
443 87 597 140 HouAuu

127 187 245 256 Occupet
258 191 406 240 extremum
418 187 516 239 scabies
523 206 530 251 ;
548 186 614 238 mibi
627 191 704 255 turpe
715 185 831 252 relinqui
845 193 898 250 est,

126 255 169 322 Et,
183 256 252 326 quod
264 273 317 309 non
329 256 417 322 didici,
431 273 492 309 sane
504 255 603 308 nescire
615 255 718 308 leteri.”

127 325 165 378 Ut
177 342 268 395 prisco,
281 326 315 377 od
327 342 424 378 meroes
437 325 540 378 trubum
552 325 597 394 qui
609 326 680 392 cogit
692 325 823 390 emendus,

127 395 308 448 Assentotores
322 395 393 447 'ubet
404 394 439 446 ad
451 395 553 446 lucrum
566 395 603 446 ire
615 396 695 461 polito
862 397 918 444 420

128 463 209 518 Dives
221 464 296 531 agris,
310 411 382 516 dives
394 464 484 533 positis
496 464 525 515 in
536 464 626 516 fenore
637 462 758 516 nummis

128 531 157 586 si
170 549 229 586 vero
241 539 288 599 est,
300 539 412 586 unctum
425 533 470 600 qui
481 539 551 585 recte
564 549 658 601 ponere
670 532 751 600 possit

129 601 166 654 Et
177 619 189 654 s
224 602 302 654 ndore
314 601 366 654 levi
378 618 424 671 pro
436 619 490 670 pau
509 619 551 654 ere
563 609 590 654 ot
602 602 699 669 eripere
711 601 776 653 atris

130 670 184 724 Liti
202 688 232 724 us
244 670 410 739 implicitum,
422 619 535 723 mirabor
547 671 569 723 si
582 670 646 723 sciet
658 671 738 722 inter·

130 755 235 792 noscero
247 739 399 792 mendacem
410 757 552 807 rerumque
564 739 655 792 beatus
668 740 790 792 amicum.

131 808 171 860 'l'u
183 825 228 861 seu
241 809 344 862 doneris
357 827 403 862 seu
415 810 480 891 quid
492 809 589 862 donare
601 809 670 862 voles
683 809 734 876 oui,

131 877 221 931 Nolito
233 877 267 931 ed
279 895 368 932 versus
380 879 429 932 tibr
441 879 524 931 suctos
536 879 631 931 ducere
661 878 750 930 lenum

132 947 260 1009 Iraetitiae3
278 947 403 1002 clumnbit
414 949 485 1000 enim
497 948 624 1002 Pulchro!
676 952 723 1002 ne!
742 951 829 1003 recte!

133 1015 263 1069 Pellesoet
275 1034 352 1086 super
363 1017 412 1083 his,
424 1018 505 1070 etiem
517 1017 629 1070 stillabit
640 1017 731 1069 emiois

133 1085 176 1137 Ex
188 1086 269 1137 oculis
280 1103 371 1152 rorem,
384 1087 466 1152 saliet,
479 1086 575 1138 tundet
587 1087 652 1154 pedo
664 1091 769 1139 tor-reru
867 1090 922 1138 430

134 1154 173 1207 Ut
184 1155 231 1220 qni
243 1155 365 1208 conducti
377 1155 482 1224 plorant
493 1155 522 1206 in
533 1155 631 1222 funere,
644 1154 737 1208 dicunt

135 1223 171 1276 Et
182 1223 284 1276 faciunt
295 1241 375 1292 propo
386 1225 464 1293 plura
475 1224 622 1277 dolentibus
635 1242 668 1276 ex
680 1225 775 1292 animo,
788 1223 827 1278 sio

135 1292 240 1345 Derisor
251 1310 312 1345 vero
324 1293 385 1361 plus
396 1294 531 1346 laudatore
542 1300 668 1347 movetur.

137 1361 220 1429 Reges
232 1361 357 1414 dicuntur
369 1363 460 1416 multis
473 1379 564 1431 urgere
576 1363 682 1415 oulullis

137 1501 180 1552 An
193 1500 227 1552 sit
239 1500 356 1553 amicitis
367 1501 477 1569 dignus:
495 1501 517 1553 si
529 1502 646 1554 carmina
658 1502 759 1569 condes,

136 1567 162 1620 N
164 1585 280 1646 unquern
292 1574 318 1621 te
330 1570 426 1624 fallant
437 1570 519 1622 enimi
532 1570 579 1622 sub
592 1571 670 1639 vulpe
683 1571 808 1623 latentes:

135 1429 172 1482 Et
184 1437 303 1500 torquere
314 1449 392 1498 mero,
405 1449 483 1500 quem
495 1432 657 1500 perspexisse
668 1432 797 1500 laborent,

138 1633 281 1699 Quinctilio
293 1636 315 1688 si
327 1636 390 1705 quid
402 1637 531 1702 recitares,
541 1636 557 1666 “
566 1635 671 1704 corrige
682 1639 756 1690 sodes

138 1701 221 1770 Hoc,”
233 1702 327 1770 siebet,
341 1707 390 1757 “et
404 1705 477 1758 boc.’'
513 1706 609 1760 Melius
621 1712 647 1757 te
659 1723 733 1784 posse
745 1723 862 1776 negares,
948 1737 949 1740 =

137 1770 183 1822 Bis
195 1779 286 1839 terque
297 1777 436 1839 expertum
446 1772 551 1838 frustra,
564 1772 650 1824 dolere
658 1772 771 1839 Jubcbot
869 1777 924 1826 440
948 1777 949 1782 ’

138 1838 174 1891 Iit
185 1840 254 1892 mule
265 1844 382 1893 tornatos
394 1841 484 1893 incudi
495 1840 602 1893 reddere
614 1858 709 1895 versus.

139 1908 167 1960 si
179 1908 318 1961 defendero
329 1909 456 1962 delictum
468 1927 548 1977 quum
560 1916 660 1964 vertero
671 1910 771 1978 mallos,

137 1977 249 2030 Nullum
261 1977 333 2030 ultre
344 1978 453 2031 verbum
464 1985 512 2031 uut
524 1996 628 2048 operam
639 1979 789 2034 insumebat
800 1981 925 2048 inanem

140 2047 210 2110 Quin
221 2048 277 2099 sino
288 2047 365 2100 rivali
377 2055 456 2114 teque
468 2054 495 2100 et
507 2053 555 2100 tue
567 2048 636 2101 solus
649 2066 756 2102 emeres.

140 2115 188 2168 Vir
200 2116 283 2169 bonus
295 2123 322 2169 et
334 2118 447 2184 prudens
459 2133 549 2169 versus
560 2117 732 2186 reprehendet
743 2119 849 2187 inertes,

139 2185 263 2254 culpabit
275 2186 361 2252 duros,
374 2185 514 2254 incomptis
526 2186 619 2239 sllinet
631 2193 720 2240 etrum

139 2255 265 2308 'l'rnrerso
277 2255 376 2308 colurno
388 2255 500 2323 signum,
512 2254 650 2309 ambitiosa
660 2257 760 2310 recidet

141 2323 308 2386 Ornamentis„
321 2342 414 2392 parurn
427 2324 503 2376 claris
515 2324 600 2376 lucem
612 2325 674 2377 ders
686 2332 768 2392 coget,

141 2391 243 2460 Arguet
255 2394 377 2460 ambiguo
389 2394 502 2458 dictum,-
510 2394 638 2446 mutonds
649 2394 759 2461 notabit,

138 2461 200 2516 Fiet
209 2462 375 2516 Aristarchus
385 2484 392 2527 3
410 2479 463 2518 non
476 2464 552 2530 dicet,
565 2465 581 2493 “
588 2465 640 2519 Gur
651 2481 699 2532 ego
707 2464 823 2517 enricum
877 2471 929 2517 450

140 2527 276 2580 Offendam
288 2531 315 2580 in
329 2534 405 2598 nugis
417 2532 444 2586 Ψ
480 2534 530 2586 Hae
541 2551 620 2602 nugae
632 2535 698 2587 serie
708 2533 806 2585 ducent

138 2589 172 2640 In
184 2590 255 2641 mule
267 2591 380 2646 derisum
394 2597 474 2652 semel
486 2611 679 2668 exceptumque
692 2600 802 2654 sinistre.

446 2732 459 2850 l
