1908 2886
105 115 157 166 212
412 112 567 166 uoinun

101 223 221 292 Attingn't
233 222 326 275 solium
339 221 359 274 J
359 221 414 274 oris
426 225 453 273 et
465 219 580 272 coelestis
592 223 691 272 tentet:

101 293 268 361 Principibus
280 291 409 361 placuisse
420 289 483 342 viris
494 306 549 341 non
559 289 655 341 ultime
667 289 724 341 isus
735 293 782 342 est.

100 362 162 416 Non
174 362 256 415 cuivis
268 360 368 412 homini
380 359 511 426 contingit
522 358 594 410 edire
607 358 769 412 Corinthum

102 431 183 499 Sedit,
196 431 243 500 qui
255 430 353 494 timuit,
365 447 398 482 ne
410 446 464 481 non
475 428 631 481 succederet.
665 428 743 482 Esto!

102 501 179 568 Quid,
192 500 238 568 qui
249 499 375 568 pervenit,
388 499 485 551 fecitne
496 496 624 550 virilitert
642 495 726 566 Atqui

102 569 155 623 Hic
163 575 203 622 est
210 575 258 622 eut
267 585 404 650 nusquam,
412 568 481 636 quod
490 567 638 635 querimus.
657 567 710 619 Hie
718 583 783 619 onus
791 567 893 635 bonet,

101 639 139 692 Ut
151 638 239 708 psrvis
250 637 345 690 animis
357 643 385 690 et
396 655 476 707 parvo
488 653 593 705 corpore
604 638 703 704 majus:
856 643 894 690 40

101 707 154 761 Hic
167 706 238 761 subit
250 714 277 760 et
288 707 394 776 perfert.
428 706 484 758 Aut
496 707 580 759 virtus
591 723 687 758 nomen
698 706 776 758 inune
788 711 837 774 est,

101 777 156 830 Aut
168 776 247 830 decus
259 783 287 830 et
298 777 412 846 pretium
423 781 493 828 reete
505 775 573 844 petit
584 775 720 842 experiens
732 776 780 829 vir.

102 846 194 900 (iorum
205 864 267 915 rege
279 863 324 899 suo
336 846 369 898 de
380 852 536 914 paupertate
547 851 664 897 tacentes

101 914 166 968 Plus
178 921 300 985 poscente
310 915 397 967 ferent
403 933 411 979 ;
429 915 517 980 distat,
529 931 650 966 sumasne
662 914 799 983 pudenter,

101 984 145 1037 An
156 985 249 1054 rapies
284 983 367 1052 Atqui
378 1000 465 1036 rerum
476 989 558 1052 ceput
568 983 618 1036 hoc
630 990 694 1047 eret,
706 983 750 1036 hic
761 983 828 1039 fons.

102 1052 117 1079 “
128 1052 254 1106 Indotete
264 1051 333 1104 mihi
345 1069 418 1103 soror
429 1058 476 1118 est,
488 1050 647 1120 paupercula
658 1056 751 1116 mater,

102 1120 137 1173 Et
150 1122 248 1174 fundus
260 1138 308 1174 nec
320 1121 459 1174 vendibilis
471 1137 519 1173 nec
530 1137 634 1188 pascere
645 1118 761 1185 firmus‚'’

102 1190 154 1253 Qui
167 1191 239 1260 dicit,
252 1191 356 1256 clamet,
369 1190 499 1243 “Victum
512 1189 597 1242 dete.”
633 1188 751 1242 Succinit
763 1187 837 1256 ulter,

103 1263 117 1285 “
127 1259 163 1312 Et
174 1260 240 1312 mihi
253 1259 361 1314 dividuo
372 1259 488 1312 findetur
498 1275 607 1312 munere
619 1257 741 1326 quedruss’

101 1322 151 1376 Sed
164 1325 261 1378 tacitus
272 1324 345 1394 pasci
357 1325 379 1377 si
390 1330 476 1394 posset
488 1341 587 1389 corvus,
599 1325 709 1379 heberet

100 1391 165 1445 Plus
177 1393 252 1476 dapis
263 1401 291 1447 et
301 1395 367 1446 rixoe
379 1394 464 1447 multo
475 1394 562 1446 minus
574 1395 739 1464 invidiaeque.

99 1461 271 1515 Brundislum
283 1480 367 1516 comes
379 1469 428 1516 sut
439 1463 593 1516 Surrentum
605 1463 700 1518 ductus
711 1483 855 1537 emoenum,

101 1530 152 1594 Qui
165 1533 283 1598 queritur
295 1532 407 1584 salebras
421 1538 448 1586 et
460 1533 581 1586 acerbum
593 1534 676 1602 frigus
688 1541 716 1588 et
727 1535 832 1604 imbres,

99 1600 156 1652 Aut
168 1599 260 1654 cistam
272 1601 407 1654 effractum
418 1609 446 1654 et
458 1603 586 1656 subducte
597 1603 695 1656 viatica
724 1605 800 1674 leret,

99 1668 126 1722 N
126 1677 169 1723 ote
180 1670 261 1722 refert
273 1671 416 1724 meretricis
428 1672 556 1738 acumina,
570 1689 638 1740 saepe
650 1621 780 1742 careium,
941 1739 942 1742 Ἴ

100 1738 174 1807 saepe
185 1739 363 1809 periscelidem
374 1747 479 1810 reptem
491 1741 540 1794 sibi
551 1741 645 1809 flentis,
658 1743 697 1794 uti
711 1761 774 1798 mox
941 1757 942 1806 i

99 1807 180 1862 Nulla
191 1808 256 1862 fides
268 1809 370 1862 demnis
382 1811 501 1879 verisque
513 1811 644 1866 doloribus
655 1813 732 1868 adsit.
941 1807 942 1864 i

98 1877 125 1931 N
126 1895 154 1931 ec
166 1878 246 1932 semel
256 1878 348 1932 irrisus
359 1879 444 1932 triviis
456 1880 575 1933 attollere
587 1886 663 1934 curet

99 1946 194 2001 Fracte
206 1965 281 2002 crure
292 1947 408 2018 plenum,
420 1949 482 2002 licet
494 1949 535 2000 illi
546 1949 660 2018 plurima
671 1957 762 2006 menet

98 2016 225 2084 Lucrinis,
237 2035 284 2087 per
295 2024 414 2070 sanctum
423 2021 529 2086 juretus
541 2019 612 2071 dieat
625 2020 726 2086 Osirim,
854 2029 890 2078 60

101 2086 118 2114 “
127 2087 238 2154 Credite,
250 2104 303 2142 non
314 2087 394 2152 lud0;
412 2087 537 2156 crudeles,
550 2087 635 2142 tollite
647 2087 771 2143 claudum
783 2091 806 2145 :³³

102 2155 118 2182 “
127 2156 222 2220 Quoere
232 2155 424 2226 peregrinnm‚''
436 2157 534 2210 vicinis,
542 2174 622 2212 rauce
631 2158 765 2212 reclamet.

237 2318 409 2374 EPISTOLA
426 2322 606 2376 XVHL—sn
619 2338 750 2376 nounlurs.

97 2415 205 2469 S1bene
217 2421 244 2468 te
255 2422 324 2486 novi,
336 2432 444 2492 metues,
457 2427 588 2484 liberrime
600 2431 675 2501 Lolli,

97 2483 245 2536 scurrantis
257 2491 367 2552 speeiem
380 2496 500 2563 praebere,
513 2501 642 2566 professus
654 2504 776 2561 amicum

96 2549 135 2601 Ut
145 2556 265 2602 metrone
275 2561 405 2611 meretrici
417 2562 506 2631 disper
517 2569 567 2620 erit
579 2577 659 2638 etque

96 2615 220 2684 'iiscolcn
231 2618 311 2672 infido
323 2640 418 2680 scurrae
430 2631 539 2686 distabit
551 2639 657 2694 amicus.
