1908 2886
244 133 497 189 EPISTOLARUM
516 134 554 188 ιι.
575 140 597 188 l.
762 141 810 194 221

1 229 134 290 Plautus
147 237 181 290 ed
194 239 328 307 exemplar
340 235 422 290 Siculi
434 255 571 308 properare
583 235 741 308 Epicharmi,

29 307 134 360 uincere
146 307 264 360 Caecilius
276 309 413 376 gravitate,
426 307 562 360 Terentius
574 315 639 367 arte.

1 375 76 460 ,Ηοι
88 376 185 428 ediscit
197 381 224 428 et
236 377 282 428 hoe
294 383 351 430 erto
364 377 397 428 eti
416 384 461 429 ata
473 377 576 431 theatro

1 409 3 494 ι
28 444 130 514 Spectat
144 445 227 498 Roma
237 395 442 514 poten53l1ahaiet
453 447 500 498 hoe
511 451 683 528 numeratque
694 381 811 518 poetae60

28 515 63 566 ld
74 520 198 567 nostrum
209 521 314 584 tempus
326 515 385 568 Invi
398 515 532 584 scriptoris
544 516 578 569 ab
592 533 656 572 aro.

29 582 163 637 Interdum
174 585 270 653 vulgus
281 592 383 636 rectum
394 586 474 652 videt,
487 591 527 638 est
538 585 584 638 ubi
596 593 696 656 peccat

27 651 50 703 si
60 661 164 706 veteres
176 654 215 705 ito
227 654 338 706 miratur
349 627 493 722 laudatque
504 657 603 724 poetae,

1 749 2 780 ι
28 722 58 774 Ut
69 723 140 776 nihil
153 723 290 804 anteferat,
302 723 370 775 nihil
382 724 435 776 illis
448 731 594 792 comparet3
613 730 695 780 erret.

27 790 50 843 si
60 792 221 861 quaedam
196 792 273 844 nimis
285 789 401 861 antique,
414 811 436 845 ει
428 793 571 862 'pleraque
583 794 647 846 dure

1 879 2 886 ¹
27 859 113 914 Dicere
126 861 211 913 credit
223 879 265 914 eoe
266 862 380 929 ,ignave
392 863 478 914 multa
489 863 594 929 fatetur,

27 929 55 982 Et
67 931 141 1000 sapit
153 935 181 982 et
192 947 294 984 meeum
306 931 371 983 iacit
383 938 410 982 et
422 932 490 984 Jove
498 932 603 1013 judicat
614 949 694 1001 aequo.

27 997 78 1052 Non
92 999 235 1068 equidem
227 1007 339 1052 insector
350 1001 512 1069 delendaque
524 1002 640 1054 carmina
652 1001 711 1056 Idri

26 1068 82 1123 Esse
95 1086 162 1134 reor,
174 1070 282 1121 memini
293 1085 352 1138 quae
365 1069 501 1138 plagosum
512 1071 578 1122 mihi
590 1089 671 1140 parvo
776 1074 809 1126 70

28 1137 154 1191 Orbilium
166 1139 278 1202 dictere3
297 1139 341 1190 eed
354 1139 492 1191 emendata
504 1140 586 1192 videri

26 1205 190 1275 Pulchreque
202 1214 229 1260 et
241 1209 339 1260 exactis
351 1208 491 1260 minimum
503 1209 629 1262 distentia
640 1211 735 1276 miror;

25 1275 64 1330 lut
53 1285 94 1331 ter
108 1293 168 1345 quae
181 1277 288 1329 verbum
300 1278 408 1330 emicuit
420 1279 442 1329 si
454 1284 521 1330 torte
534 1278 662 1348 decorum,
674 1288 701 1334 et

25 1345 48 1398 Si
59 1363 154 1400 versuo
165 1346 254 1414 paullo
266 1347 416 1398 concinnior
427 1365 496 1399 unus
509 1353 535 1399 et
547 1347 620 1414 alter,

25 1414 123 1486 lnjueto
136 1421 223 1468 tetum
235 1416 309 1468 ducit
321 1417 464 1484 venditque
476 1419 575 1486 poe'me.

25 1485 151 1555 Indignor
163 1485 305 1554 quidquem
316 1485 478 1554 reprehendi,
491 1503 544 1537 ιιοιι
557 1486 619 1554 quie
631 1503 714 1540 erasse

26 1555 203 1637 compositum
215 1555 353 1624 illepideve
365 1562 481 1624 putetur,
494 1557 538 1608 sed
551 1557 613 1624 quie
625 1573 724 1626 nuper;

24 1623 74 1679 Nec
86 1625 194 1679 veniam
206 1625 329 1693 antiquis,
342 1625 387 1676 sed
399 1625 521 1677 honorem
534 1633 561 1678 et
573 1627 681 1694 praemia
693 1627 771 1695 posci.

24 1693 102 1747 Recte
115 1711 198 1746 necne
211 1711 315 1746 crocum
327 1694 452 1762 floresque
464 1695 628 1762 perambulet
641 1697 712 1749 Attae

23 1761 156 1816 Fabula'
136 1781 158 1815 si
171 1763 296 1830 dubitem,
309 1763 424 1815 clament
413 1765 541 1831 tperiisse
554 1765 679 1833 pudorem
775 1767 809 1818 80

23 1833 118 1886 Cuncti
129 1849 204 1914 poene
200 1804 310 1952 ἔπιθι,
322 1850 353 1885 ea
365 1850 447 1901 quum
459 1833 646 1901 reprehendere
658 1851 742 1902 coner,

23 1903 84 1965 Quae
97 1902 188 1971 gravio
234 1919 319 1971 oopus,
331 1919 389 1984 quae
401 1903 462 1954 doct
451 1909 494 1954 tus
507 1903 615 1954 Roscius
627 1903 695 1970 egit:

22 1970 68 2024 Vel
82 1972 147 2054 quia
159 1971 199 2023 nil
210 1979 318 2038 rectum,
331 1973 382 2023 nisi
375 1971 463 2039 quod
475 1972 576 2040 placuit
588 1973 644 2037 eibi,
657 1973 765 2040 ducunt,

21 2039 67 2094 Vel
81 2041 146 2110 quia
158 2048 170 2094 t
221 2059 235 2093 e
247 2013 344 2109 putairt
355 2059 446 2110 parere
457 2042 600 2093 minoribus
612 2049 638 2093 et
651 2057 709 2111 que

21 2110 155 2163 Imberbee
167 2059 287 2178 ‹liiicerq
300 2128 372 2163 senes
385 2111 517 2179 perdenda
528 2110 611 2162 fateri.

20 2180 37 2231 J
38 2199 83 2232 am
97 2180 199 2233 Saliare
210 2180 235 2232 N
236 2196 303 2231 umae
316 2197 421 2232 carmen
433 2197 478 2248 qur
470 2180 582 2232 'laudat
594 2185 621 2231 et
632 2179 707 2247 illud,

21 2249 97 2312 Quod
109 2267 214 2302 meeum
226 2250 337 2318 ignorat,
350 2250 420 2301 solue
431 2250 490 2301 vult
502 2250 567 2302 scire
579 2249 669 2315 videri,

21 2317 142 2386 ingeniis
153 2335 206 2370 non
219 2319 264 2370 ille
275 2319 348 2371 iavet
360 2319 515 2388 plauditque
528 2318 644 2440 sepultis,

19 2388 43 2440 N
44 2395 119 2440 ostra
132 2388 196 2440 aed'
188 2395 336 2457 impugnat,
348 2405 394 2440 noe
406 2395 545 2470 nqstraque
570 2387 653 2441 vidue
665 2387 727 2442 odit.

20 2457 130 2522 Quod
110 2474 132 2510 ιι
144 2463 199 2510 tam
213 2457 308 2509 Grecis
319 2459 422 2510 novitas
433 2458 519 2510 invise
529 2457 623 2510 fuisset
777 2462 811 2511 90

20 2527 109 2591 Quam
121 2526 195 2579 nobis
196 2527 276 2595 ,quid
287 2543 359 2579 nunc
372 2534 439 2578 esset
451 2527 543 2579 voturi
562 2535 608 2580 eut
620 2525 684 2596 quid
696 2526 811 2598 haberet,

20 2595 99 2660 Quod
111 2567 210 2664 legerei
223 2602 369 2664 tereretque
382 2597 481 2648 viritim
494 2595 615 2664 publicus
627 2596 706 2651 ueuei

22 2666 58 2719 Ut
71 2666 188 2735 primum
200 2665 292 2734 positis
305 2683 400 2734 nugam
392 2665 512 2718 G'roecia
523 2665 599 2718 bellio
