1908 2886
274 89 526 145 EPlS'l'OIaAllUitl
545 90 568 142 l.
589 94 627 142 18.
790 93 841 144 215

63 185 165 240 Munere
178 192 206 239 te
218 203 299 256 parvo
311 185 371 238 beet
382 191 428 238 aut
442 185 620 237 incommodus
632 188 719 251 angat.

64 255 168 315 Qualem
177 256 348 322 commendes,
356 257 435 308 etiam
446 262 524 323 atque
532 255 612 306 etiam
620 254 731 322 adspice,
740 269 773 304 ne
782 269 843 306 mox

63 323 192 378 Incutiant
204 325 291 378 aliena
302 323 351 376 tibi
363 331 471 393 peccata
483 323 615 393 pudorem.

21 437 22 442 ,
62 392 184 446 Fallimur
195 400 223 446 et
252 394 366 446 uondam
379 411 431 446 non
443 393 554 460 dignum
566 393 708 445 tradimus:
726 408 787 460 ergo

63 461 141 523 Quem
154 480 202 517 sua
213 411 292 532 stiipe
303 470 410 532 premet,
423 463 547 530 deceptus
560 463 651 514 omitte
663 461 740 528 tueri,

21 543 22 554 ¹
62 531 94 584 Ut
104 533 211 602 penitus
222 542 323 600 notum,
336 533 374 584 si¹
386 537 490 584 tentent
503 531 619 596 crimina,
633 547 717 584 serves
809 531 844 584 80

61 600 210 670 laterisque
222 608 268 655 tuo
280 601 404 654 fidentem
416 601 552 670 praesidi03
569 601 615 669 qui

21 733 23 740 χ
60 669 142 725 Dente
154 671 287 724 'lheoninc
299 688 382 740 quum
394 670 600 735 circumditur,
613 669 705 738 ecquid

21 741 23 802 l
60 739 98 793 Ad
109 747 137 794 te
148 747 208 810 post
219 741 309 810 paullo
320 747 433 793 ventura
443 740 561 810 pericula
573 739 670 791 sentisl

21 857 22 876 2
60 808 124 862 Nam
135 816 184 863 tua
194 827 236 862 res
248 811 343 878 egitur,
355 811 440 880 paries
452 827 534 879 quum
546 808 681 878 proximus
692 807 774 876 ardet,

60 877 92 931 Et
102 879 223 948 neglecta
235 879 318 933 solent
330 879 452 932 incendia
463 895 565 931 sumere
576 877 650 931 vires.

60 946 146 1002 Dulcis
158 949 302 1018 inexpertis
314 949 417 1001 cultura
429 948 544 1018 potentis
556 947 647 1000 amici:

59 1016 188 1088 Expertus
199 1019 301 1071 metuit.
337 1018 384 1086 Tu,
397 1018 460 1069 dum
472 1023 519 1069 tua
530 1016 605 1069 naris
616 1017 645 1068 in
657 1016 711 1069 alto
723 1021 771 1085 eet,

21 1089 23 1150 l
60 1085 113 1140 Hoc
124 1105 183 1156 age,
195 1105 229 1139 ne
240 1093 345 1140 mutato
356 1094 498 1140 retrorsum
510 1094 537 1139 te
548 1087 617 1139 ferat
628 1103 700 1140 aura

61 1156 177 1210 Oderunt
187 1156 298 1209 hilarem
310 1157 398 1209 tristes
410 1157 563 1224 tristemque
571 1156 660 1223 jocosi,

21 1271 22 1280 ι
60 1223 183 1280 Secutum
196 1226 297 1294 celeres,
309 1225 405 1294 agilem
417 1241 585 1294 gnavumque
596 1225 705 1294 remissi,
809 1226 843 1276 90

20 1341 21 1364 ,
59 1293 163 1349 Potores
176 1293 274 1364 [librali
285 1295 371 1348 medic
382 1295 413 1348 de
424 1303 494 1348 nocte
506 1294 619 1347 Falerni

20 1369 22 1398 l
60 1363 189 1436 Oderunt]
201 1370 321 1434 porrecta
332 1370 473 1433 negantem
484 1363 586 1432 pocula,
598 1362 717 1432 quamvis

58 1432 205 1488 Nocturnus
213 1435 285 1502 jures
297 1439 324 1487 te
335 1434 475 1487 formidare
486 1449 600 1502 vapores.

58 1501 138 1556 Deme
150 1503 289 1572 supercilio
300 1503 411 1568 nubem3
428 1503 583 1572 plerumque
594 1501 726 1556 modestus

59 1571 175 1641 Occupat
187 1572 289 1625 obsceni
301 1573 420 1642 speciem,
432 1573 580 1625 taciturnus
592 1571 685 1626 acerbi

58 1639 131 1695 Inter
142 1647 240 1695 cuncta
250 1641 320 1710 leges
332 1648 359 1694 et
371 1640 554 1710 percontabere
566 1639 662 1709 doctos,

58 1710 114 1774 Qua
125 1711 229 1764 ratione
240 1727 319 1779 queas
330 1711 466 1764 traducere
478 1711 573 1763 leniter
584 1727 685 1776 aerum3

56 1778 80 1832 ll
81 1797 127 1833 um
139 1786 167 1833 tc
179 1797 280 1850 semper
289 1780 366 1849 inops
377 1781 461 1848 agitet
472 1786 602 1848 vexetque
614 1781 717 1850 cupido,

57 1848 130 1902 Num
142 1865 224 1919 pavor
235 1855 262 1902 et
273 1867 361 1902 rerum
371 1850 536 1903 mediocriter
547 1849 655 1903 utilium
666 1867 731 1919 spes,

56 1918 192 1972 Virtutem
204 1919 323 1972 doctrina
333 1924 415 1989 paret,
427 1924 556 1972 naturane
568 1919 653 1986 donet,
793 1917 843 1968 100

57 1988 128 2052 Quid
141 1989 245 2041 minuat
256 2004 338 2056 muas,
350 1989 413 2058 quid
425 1993 452 2041 te
463 1987 514 2041 tibi
524 1988 617 2040 reddat
628 1987 750 2054 amicum,

57 2057 127 2122 Quid
139 2074 205 2126 pure
217 2057 378 2127 tranquillet,
390 2058 471 2110 honos
483 2073 518 2110 an
530 2057 606 2110 dulce
618 2057 750 2125 lucellum,

56 2127 98 2179 An
112 2132 243 2181 secretum
254 2127 306 2180 iter
317 2133 344 2180 et
355 2127 472 2180 fallentis
484 2126 577 2179 semita
588 2126 657 2180 vitta.

58 2195 104 2250 Me
117 2197 220 2266 quoties
230 2196 316 2249 reficit
328 2196 429 2263 gelidus
441 2195 567 2264 Digentia
577 2195 656 2262 rivus,

57 2265 143 2330 Quem
154 2264 279 2318 Mandela
291 2264 365 2334 bibit,
377 2283 486 2387 rugosus
498 2265 594 2332 frigore
605 2281 696 2334 pagus,

57 2334 128 2398 Quid
141 2334 237 2388 sentire
266 2335 343 2388 utasl
362 2335 407 2404 qui
437 2334 527 2402 credis,
539 2334 629 2402 amice,
641 2333 759 2404 precarii

56 2402 186 2470 sienim,
198 2352 268 2473 quob
279 2421 351 2456 nunc
363 2409 409 2472 est,
421 2405 502 2457 etiam
513 2403 616 2468 minus;
634 2405 737 2456 etmihi
749 2403 836 2458 rivam

58 2473 133 2537 Quod
146 2479 264 2542 superest
276 2473 332 2540 uvi,
346 2474 368 2526 si
380 2472 443 2542 quid
455 2490 485 2525 su
533 2489 586 2526 esse
598 2474 691 2526 volunt
703 2474 754 2539 Di;

57 2543 99 2596 Sit
111 2540 180 2596 bona
191 2541 316 2596 librorum
329 2548 356 2596 et
367 2543 475 2612 provisae
530 2543 570 2610 gis
581 2542 611 2596 in
622 2560 721 2597 annum

20 2629 21 2634 ¹
373 2642 383 2672 ι
396 2634 476 2670 notum.
504 2630 526 2668 si
