1908 2886
245 101 496 156 sessionnem
517 100 536 150 1.
559 104 580 166 1,
599 105 622 154 2.
779 103 825 152 191

53 203 188 259 sicuritas
200 205 325 274 inaequuli
337 211 440 258 tonsore
452 204 560 273 capillos

53 279 156 348 Occurri,
168 280 252 344 rides;
271 283 293 334 si
304 281 372 334 forte
385 281 513 333 subucula
524 297 599 350 pexae

52 349 115 403 lu'to
125 350 215 402 subest
227 351 324 403 tunicae
336 350 379 403 vel
392 351 414 402 si
426 356 488 417 toga
500 350 609 402 dissidet
620 349 712 418 imper,

23 449 24 464 2
53 417 136 472 llides:
158 420 230 488 quid,
242 438 301 472 men
313 437 395 488 quum
406 425 509 488 pugnet
521 420 652 472 sententia
664 437 759 485 secum,

22 497 24 532 l
53 487 116 550 Quod
128 490 208 558 petiit
219 490 326 558 spernit,
339 490 435 557 repetit
447 488 516 556 quod
528 505 612 557 nuper
624 489 718 556 omisit,

22 556 25 616 ξ
52 557 147 612 AEstuat
160 565 187 611 et
199 559 260 611 vite
272 559 436 612 disconvenit
447 557 537 610 ordine
549 564 610 624 toto,

52 624 137 694 Dimit,
150 627 270 695 aedificet,
282 632 369 681 mutet
382 627 659 696 quadrato-rotundisl
778 630 828 679 100

21 691 25 766 l
52 695 159 750 lusenire
171 703 250 766 putes
262 697 397 766 sollemnia
408 715 450 749 me
462 713 547 765 neque
558 696 633 762 rides,

20 767 24 806 l
52 764 96 818 Nec
107 767 203 818 medici
215 767 298 819 credis
310 783 359 819 nec
371 766 497 818 curatoris
509 782 584 833 egere

19 827 24 928 f
51 833 185 903 Apraetore
198 836 262 903 deti,
274 853 362 888 rerum
373 835 459 888 tutele
470 851 588 887 mearum

52 903 128 966 Quum
140 905 216 971 sis,et
227 923 307 974 prave
318 911 418 958 sectum
431 903 598 957 stomacheris
609 903 642 956 ob
653 921 770 972 unguem

51 971 82 1024 De
92 981 119 1027 te
129 974 277 1044 pendentis,
290 983 318 1026 te
329 973 491 1042 respicientis
503 973 587 1026 amici

51 1041 84 1094 ld
95 1061 237 1096 summum:
255 1044 358 1112 sapiens
370 1061 422 1096 uno
433 1043 518 1094 minor
530 1049 569 1094 est
581 1043 655 1110 Jove,
668 1043 747 1110 dives,

51 1109 123 1180 liber,
135 1113 286 1180 honoratus,
299 1112 415 1182 pulcher,
427 1130 474 1164 rex
486 1113 598 1180 denique
610 1130 716 1181 regum

52 1178 176 1252 Precipue
188 1200 274 1250 sunus,
286 1183 338 1235 nisi
350 1199 431 1251 quum
442 1182 541 1250 pituita,
552 1181 659 1234 moleste
672 1191 718 1236 ost.

213 1345 387 1400 EPISTOLA
406 1345 661 1396 ll.—snnonn1urs.

19 1455 20 1458 ’
49 1455 166 1510 luorum
178 1457 242 1510 belli
254 1457 412 1525 scriptorem,
424 1455 540 1507 maxime
551 1453 625 1521 Irolli,

19 1565 21 1578 ÷
49 1523 111 1578 Dum
123 1533 156 1580 tu
168 1527 298 1579 declames
311 1527 408 1591 Romus,
421 1524 553 1576 Praeneste
564 1523 660 1592 relegi3

19 1583 21 1642 l
49 1595 171 1666 Quiquid
180 1595 368 1664 sitpulchrum,
377 1593 441 1662 quid
449 1599 534 1662 turpe,
542 1592 605 1662 quid
615 1593 688 1660 utile,
696 1594 760 1663 quid
768 1611 827 1661 uon,

19 1663 20 1712 1
48 1661 151 1718 Planius
163 1683 194 1718 sc
205 1665 299 1718 melius
311 1663 455 1731 Chrysippo
467 1669 494 1715 et
507 1662 629 1715 Crantore
642 1663 713 1716 uicit,

49 1733 93 1786 (lur
104 1736 146 1791 ite
157 1734 319 1800 crediderim,
331 1733 382 1784 nisi
395 1732 459 1801 quid
471 1738 498 1784 te
510 1731 618 1799 detinet,
631 1732 700 1785 nudi.

48 1802 150 1871 lsbulu,
163 1821 214 1874 que
227 1803 328 1856 Paridis
340 1807 446 1871 propter
457 1808 580 1853 narretur
591 1817 704 1854 amorem

49 1873 141 1926 Graecia
153 1873 285 1926 Borberiae
297 1872 369 1924 lento
382 1871 472 1922 colliso
484 1869 578 1936 duello,

47 1940 190 1996 Stultorum
201 1959 294 2010 regum
307 1948 333 1993 et
345 1940 501 2009 populorum
512 1939 629 1992 continet
641 1944 724 1992 oestus.

46 2011 160 2066 Antenor
171 2017 260 2064 censet
271 2010 335 2062 belli
346 2009 485 2078 precidere
497 2025 608 2062 causum.

47 2079 110 2144 Quid
121 2080 215 2134 Perisl
233 2081 271 2133 Ut
283 2080 370 2132 salvus
382 2085 474 2147 regnet
486 2079 610 2146 vivetque
621 2079 720 2146 beatus,
796 2079 826 2130 10

47 2150 103 2220 Oogi
115 2167 190 2220 posse
202 2156 288 2218 neget.
324 2149 419 2202 Nestor
431 2165 582 2216 componere
593 2148 653 2200 lites

46 2218 117 2273 Inter
128 2219 238 2272 Peliden
250 2219 359 2271 festinet
371 2224 398 2270 et
409 2218 478 2269 inter
490 2217 614 2280 Atriden;

46 2287 121 2342 Hunc
134 2305 215 2351 emor,
227 2288 267 2341 ire
278 2287 384 2356 quidem
396 2286 569 2339 communiter
580 2286 634 2338 urit
645 2291 793 2356 utrumque

45 2357 177 2428 Quidquid
189 2358 302 2411 delirent
313 2374 394 2424 reges,
406 2357 557 2424 plectuntur
569 2355 670 2409 Achivi.

44 2425 182 2494 Seditione,
196 2427 270 2493 dolis,
282 2427 377 2479 scelere
390 2433 469 2493 atque
480 2424 590 2476 libidine
602 2431 629 2477 et
640 2426 679 2478 ire

44 2494 135 2550 Iliacos
147 2497 220 2549 intra
231 2513 319 2548 muros
331 2500 455 2564 peccetur
467 2499 494 2545 et
506 2501 588 2546 extro.

43 2564 149 2634 Rursus,
163 2565 227 2635 quid
240 2565 324 2618 virtus
336 2569 363 2616 et
376 2562 439 2631 quid
451 2562 579 2630 snpientia
591 2563 679 2630 possit,
