1866 2874
282 121 493 176 SATIRARUM
513 122 534 177 1.
552 125 576 174 6.
779 121 828 171 145

55 219 162 288 Dejioere
174 238 188 274 e
201 236 264 272 saxo
276 219 346 272 civee
358 223 406 271 aut
418 217 521 270 tradere
533 216 630 272 Cadmo
639 214 666 270 l”

55 291 67 316 “
73 290 106 342 At
116 289 217 342 Novius
229 289 329 356 collega
340 288 425 356 gradu
437 293 496 354 post
506 303 549 338 me
561 285 633 338 sedet
645 301 698 336 uno
710 302 718 348 3
798 286 833 336 40

54 356 266 428 llamqueestille,
272 363 346 425 pater
351 356 421 425 quod
429 361 485 408 erat
492 354 589 407 meuu''
603 354 660 406 Hoc
669 353 719 404 tibi
724 351 833 406 Paullus

55 427 84 480 lit
94 431 206 484 Messala
218 430 332 484 viderisl
367 429 404 482 At
416 430 467 497 hio,
480 430 502 482 ei
514 428 633 498 plaustra
644 429 760 482 ducenta

54 495 260 566 concurrantque
271 499 327 551 foro
342 499 392 550 tria
403 499 503 565 funera,
515 515 611 565 magna
624 497 726 550 sonabit

54 564 147 620 Cornua
160 567 231 636 quod
243 567 385 634 vincatque
396 566 488 620 tubae:
506 567 600 619 saltem
612 571 685 618 tenet
696 567 746 619 hoc
758 581 812 620 nor.

55 632 123 688 Nunc
135 637 170 688 ad
182 653 224 687 me
235 635 314 688 redeo
325 635 448 687 libertino
460 641 535 704 patre
546 640 648 701 natum,

56 701 130 764 Quem
140 705 239 756 rodunt
252 721 340 756 omnes
353 703 474 755 libertino
487 710 562 771 patre
574 709 675 769 natum,

54 768 75 818 N
77 789 129 838 uno,
143 772 206 840 quia
219 789 278 824 sum
290 772 348 837 tibi,
361 771 501 837 Maecenas,
513 771 646 824 convictor
653 790 661 834 ;
678 777 707 824 at
719 771 790 840 olim,

56 838 122 900 Quod
132 841 200 893 mihi
212 845 316 909 pareret
327 840 396 907 legio
410 839 527 892 Romana
538 839 651 893 tribuno.

55 904 178 961 Dissimile
190 909 240 960 hoc
252 909 292 960 illi
304 915 357 972 est;
376 908 439 974 quia
450 925 503 960 non
515 914 546 960 ut
558 909 632 960 forsit
644 908 768 962 honorem

55 973 113 1028 lure
124 977 191 1029 mihi
202 977 322 1029 invideat
334 977 427 1044 quivis,
439 976 478 1028 ita
489 982 517 1028 te
528 993 631 1044 quoque
642 977 763 1044 amicum,
805 979 840 1030 60

55 1040 196 1098 Proeeertim
208 1052 318 1098 cautum
329 1045 422 1112 dignos
433 1062 570 1110 aesumue,
582 1062 664 1112 prava

55 1113 197 1166 Ambitione
209 1114 308 1184 procul.
343 1113 458 1166 Felicem
470 1113 554 1166 dicere
566 1130 618 1165 non
631 1114 680 1166 hoc

55 1177 93 1233 lie
164 1183 170 1196 '
220 1199 283 1234 canu
294 1183 363 1250 quod
375 1188 402 1234 te
415 1181 521 1234 sortitus
532 1182 661 1246 amicum

11 1317 12 1320 Ἴ
54 1246 76 1300 Ν
203 1252 209 1263 ”
250 1250 318 1302 mihi
329 1257 357 1303 te
368 1251 420 1302 fore
432 1250 543 1302 obtulit:
560 1251 674 1318 optimus
685 1250 747 1302 olim

56 1314 183 1386 Virgilius,
195 1319 338 1387 posthunc
350 1319 453 1384 Varius,
465 1318 555 1371 dixere
566 1318 631 1382 quid
642 1335 733 1372 essem.

55 1383 87 1437 Ut
97 1387 158 1440 veni
170 1404 265 1455 coram,
278 1389 317 1440 sin
367 1388 415 1439 tim
427 1403 511 1454 pauca
522 1386 548 1439 lo
566 1393 654 1451 nutus,

56 1451 141 1507 Infans
153 1473 268 1523 namque
279 1473 316 1523 pu
336 1473 365 1507 or
376 1454 530 1523 prohibebat
541 1404 618 1523 qilura
630 1455 735 1523 profari,

54 1520 107 1576 Non
120 1541 168 1592 ego
180 1541 223 1576 me
235 1525 305 1576 claro
316 1531 409 1576 natum
421 1529 502 1592 patre,
515 1540 568 1576 non
580 1540 628 1591 ego
640 1524 739 1578 oiroum

12 1623 13 1626 =
55 1587 94 1644 Me
105 1592 262 1645 Satureiano
274 1593 373 1644 ventosi
383 1609 445 1644 rura
457 1592 565 1658 caballo,

55 1658 106 1728 Sed,
117 1662 187 1729 quod
199 1678 278 1727 eram,
287 1678 371 1714 narro.
402 1661 558 1728 Respondes,
567 1665 597 1712 ut
609 1665 672 1714 tuus
679 1667 719 1714 est
730 1679 792 1728 mos,
806 1666 839 1714 60

54 1725 151 1781 Pauca:
168 1729 248 1793 abeo;
260 1736 287 1781 et
298 1745 403 1782 revocas
414 1745 483 1781 nono
494 1735 553 1796 post
564 1746 652 1782 mense
660 1731 788 1798 jubesque

54 1793 111 1850 Esse
122 1798 153 1849 in
165 1798 310 1850 amicorum
321 1814 436 1850 numero.
471 1797 600 1864 Magnum
612 1798 661 1850 hoo
673 1815 721 1865 ego
733 1799 807 1864 duco,

55 1865 124 1927 Quod
137 1866 227 1934 placui
239 1867 295 1931 tibi,
308 1866 354 1934 qui
365 1867 437 1935 turpi
450 1867 560 1918 secernis
572 1866 718 1932 honestum,

53 1931 108 1986 llon
119 1941 196 2003 patre
208 1934 340 2002 praeclaro,
353 1934 397 1986 sed
410 1935 466 1986 vita
477 1942 505 1986 et
516 1941 620 2002 pectore
631 1952 703 2003 puro.

54 2001 132 2072 Atqui
145 2003 168 2056 si
179 2003 252 2055 vitiis
264 2003 436 2054 mediocribus
448 2019 479 2054 ac
491 2020 549 2054 mea
560 2005 652 2070 paucis

54 2068 180 2124 Mendosa
191 2078 231 2124 est
242 2078 346 2138 natura,
358 2071 457 2138 alioqui
468 2077 546 2136 recta,
559 2071 633 2123 velut
645 2071 668 2124 ei

53 2137 163 2208 Egregio
175 2140 303 2209 inspersos
314 2139 488 2208 reprehendas
500 2156 604 2206 corpore
617 2157 711 2207 nervon,

53 2206 77 2258 Si
88 2225 175 2276 neque
186 2208 327 2260 avaritiam
339 2225 423 2276 neque
435 2209 522 2260 sordes
534 2215 581 2260 aut
593 2209 663 2260 mala
675 2208 759 2263 lustru

54 2275 164 2345 Objiciet
175 2295 236 2330 vere
248 2277 385 2345 quisquam
396 2277 470 2343 mihi,
482 2293 563 2344 purus
576 2283 602 2328 et
615 2277 710 2345 insons,

53 2342 86 2395 Ut
97 2363 141 2398 me
153 2344 309 2406 collaudem,
323 2346 345 2397 si
357 2351 384 2397 et
396 2345 455 2397 vivo
468 2361 543 2396 carus
555 2345 658 2406 amicis;
807 2347 840 2399 70

54 2412 133 2466 (lanea
144 2415 198 2466 fuit
229 2421 286 2466 ater
297 2414 346 2480 his,
359 2414 404 2482 qui
415 2429 503 2464 macro
514 2429 614 2481 pauper
625 2414 710 2480 agello

52 2479 141 2535 Noluit
153 2483 183 2534 in
196 2432 273 2534 rimi
286 2482 379 2534 ludum
390 2499 432 2533 me
444 2482 556 2546 mittere,
568 2484 659 2548 magni

53 2549 106 2613 Quo
118 2551 196 2620 pueri
207 2551 310 2618 magnis
322 2568 337 2603 e
349 2551 544 2603 centurionibus
557 2552 614 2616 orti,

52 2617 125 2674 Imvo
138 2619 259 2691 stirpensi
270 2619 368 2672 loculos
379 2619 551 2687 tabulamque
562 2619 667 2685 lacerto,

90 2712 157 2752 ΗΘΒ.
433 2704 450 2740 1¹
