1908 2886
266 541 303 605 Q.
333 541 537 598 HORATII
566 539 738 598 FLACCI

149 729 867 824 EPISTOLARUM

371 894 479 948 LIBER
495 893 640 948 PRIMUS.

437 1046 566 1066 mm

257 1128 431 1187 nrlsrons
449 1131 543 1186 I.-sn
556 1148 743 1188 uncnurrnu.

113 1225 209 1279 Perus
221 1225 291 1279 dicte
302 1225 376 1294 mihi,
389 1244 491 1281 summe
502 1227 611 1282 dicende
623 1227 744 1295 Gemens,

113 1295 266 1364 Spectatum
278 1297 341 1349 sutis
353 1302 380 1349 et
391 1296 519 1352 demtum
526 1303 584 1366 Jum
595 1297 660 1351 rude
672 1297 775 1366 quaeris,

113 1364 249 1431 Maecenss,
262 1365 359 1418 iterum
370 1365 479 1434 antiquo
491 1383 533 1420 me
544 1365 679 1420 includere
690 1366 767 1421 ludo:

113 1433 172 1486 Non
184 1434 275 1487 eudem
288 1443 328 1487 est
340 1443 411 1502 aetss,
424 1452 478 1488 uon
488 1453 569 1488 mens.
605 1435 739 1503 Veienius,
751 1435 833 1490 ermis

114 1501 237 1556 Herculis
248 1504 283 1556 ed
294 1511 395 1572 postem
407 1503 474 1572 fixis,
486 1505 553 1558 lutet
565 1503 670 1558 abditus
682 1523 753 1574 egre,

112 1571 140 1625 N
140 1589 154 1626 e
166 1572 293 1640 populum
304 1579 422 1626 extreme
433 1574 511 1626 toties
523 1580 612 1627 exoret
624 1591 710 1628 urenu

113 1641 162 1694 Est
173 1641 240 1694 mihi
251 1648 390 1710 purgatam
403 1643 492 1695 crebro
504 1644 548 1712 qui
560 1650 680 1711 personet
692 1661 797 1696 eurem:

114 1709 189 1764 Solve
202 1718 378 1764 senescentem
388 1719 491 1764 mature
504 1730 582 1765 sanus
595 1730 699 1780 equum,
711 1731 745 1766 ne

114 1779 208 1834 Peccet
219 1781 254 1833 ed
266 1786 411 1834 extremum
423 1781 548 1834 ridendus
560 1787 587 1834 et
598 1781 646 1834 iliu
657 1781 744 1836 ducet

113 1849 140 1903 N
140 1867 193 1903 unc
204 1851 295 1920 itaque
306 1857 333 1903 et
344 1868 433 1902 versus
445 1856 472 1904 et
484 1857 569 1904 cetere
581 1851 682 1904 ludicre
693 1868 768 1921 pono,
871 1855 904 1903 10

115 1919 185 1984 Quid
190 1926 363 1988 verumetque
368 1920 526 1973 deeenscuro
532 1928 624 1988 etrcgo
629 1920 830 1973 etomnisinhec
835 1938 904 1984 sum;

114 1989 202 2042 (londo
215 1996 242 2042 et
253 2007 385 2058 compono,
397 2007 456 2058 quae
468 2007 530 2042 mox
542 1990 691 2058 depromere
702 1990 806 2058 possim

114 2059 153 2112 Ac
165 2076 199 2112 ne
210 2060 277 2112 forte
289 2076 370 2126 roges,
382 2076 432 2128 quo
444 2077 487 2112 me
498 2060 571 2127 duce,
585 2075 636 2127 quc
648 2059 702 2111 lure
714 2065 799 2113 tuter:

114 2127 220 2181 Nullius
232 2129 351 2182 addictus
359 2130 449 2196 jurere
461 2129 490 2180 in
502 2129 581 2182 verbe
591 2129 719 2196 magistri,

116 2196 174 2261 Quo
185 2215 227 2250 me
239 2215 343 2266 cunque
354 2198 424 2266 repit
436 2205 584 2266 tempestas,
596 2197 697 2251 deferor
708 2197 810 2266 hospes.

114 2265 141 2320 N
143 2283 194 2318 unc
206 2267 283 2332 egilis
294 2267 328 2319 fio
341 2274 368 2320 et
379 2285 475 2319 mersor
487 2268 607 2320 civilibus
619 2267 705 2335 undis,

115 2334 230 2384 Virtutis
241 2351 308 2386 verae
321 2342 407 2387 custos
419 2337 571 2405 rigidusque
583 2336 700 2399 setesses;

115 2400 193 2452 Nunc
205 2400 233 2448 in
246 2401 373 2469 Aristippi
385 2405 478 2455 furtim
489 2411 619 2473 praecepte
630 2405 738 2470 relabor,

116 2465 153 2516 Et
164 2465 229 2515 mihi
241 2483 289 2532 res,
300 2485 353 2518 non
365 2487 406 2522 me
418 2472 495 2522 rebus
507 2473 665 2540 subjungere
677 2490 762 2527 conor.

116 2531 155 2582 Ut
167 2547 218 2581 nox
231 2531 316 2609 longe,
328 2537 421 2600 quibus
433 2543 561 2592 mentitur
572 2543 664 2608 amice,
677 2542 783 2611 diesque
873 2548 906 2596 20

117 2597 207 2660 Longu
218 2598 322 2650 ridetur
334 2619 397 2667 opus
409 2605 571 2676 debentibus,
583 2616 615 2662 ut
627 2610 703 2679 piger
715 2628 802 2664 eunus
