1908 2886
298 89 365 143 Aus
384 90 540 145 ΡΟΕΤΙΟΑ.
761 97 811 146 245

37 189 70 241 Ne
82 189 167 258 spisse
179 190 262 241 risum
274 190 369 244 tollent
381 191 489 260 impune
502 209 615 245 coronae:

38 259 84 318 Qui
96 261 186 326 nescit,
199 277 288 311 versus
300 266 389 313 temen
401 261 481 318 sudet
493 261 598 329 fingere.
634 260 750 325 Quidnil

39 328 107 379 Liber
118 335 145 381 et
156 329 295 396 ingenuus,
307 331 451 397 praesertim
463 348 553 382 census
566 337 711 399 equestrem

38 396 165 450 Summam
176 415 342 451 nummorum
355 400 470 468 vitioque
482 405 595 452 remotus
607 397 641 452 nb
652 400 729 452 omni.
739 421 774 432 -

38 466 73 517 l'u
83 467 150 518 nihil
162 467 246 519 invite
258 467 328 521 dices
339 469 451 521 fuciesve
463 469 597 532 Minerre5

40 535 67 586 ld
79 537 127 588 tibi
135 536 267 604 J'udicium
280 543 326 603 est,
339 555 369 589 en
381 555 461 590 mens.
497 539 525 590 Si
538 537 602 606 quid
613 543 702 590 temen
714 537 777 590 olim

40 603 176 673 dempseris,
190 605 218 656 in
230 606 306 658 Moeci
319 607 459 659 descendet
468 607 566 675 judicis
579 625 663 671 eures,

38 674 68 725 Et
79 675 161 742 petris
173 681 200 726 et
212 681 320 742 nostres,
332 693 481 744 nonumque
493 683 628 745 prematur
638 677 668 728 in
679 692 786 742 annum,

39 743 192 796 llembrenis
204 744 276 796 intus
289 745 392 813 positis:
411 745 495 798 delere
508 746 604 812 licebit,

40 813 107 874 Quod
119 830 172 864 non
184 813 309 878 edideris;
327 814 411 867 nescit
423 832 474 867 vox
486 816 564 867 misse
575 814 678 867 reverti.
765 815 815 866 390

12 877 13 900 ³
39 881 168 934 Silvestres
180 882 297 935 homines
310 901 382 936 secer
394 885 572 952 interpresque
585 884 699 936 Deorum

40 952 153 1004 Caedibus
165 957 192 1004 et
204 953 277 1004 victu
289 953 357 1005 foedo
371 953 498 1005 deterruit
511 954 630 1022 Orpheus
637 972 644 1017 ;

40 1019 127 1072 Dictus
140 1021 172 1073 ob
185 1021 234 1072 hoc
246 1021 327 1074 lenire
339 1023 419 1088 tigres
431 1023 585 1092 rabidosque
597 1023 700 1086 leones;

41 1089 128 1142 Dictus
141 1095 167 1142 et
179 1089 319 1158 Amphion,
333 1092 462 1143 Thebcnae
475 1092 594 1144 conditor
605 1092 681 1159 ercis,

41 1157 104 1211 saxa
116 1176 220 1212 morere
232 1177 294 1212 sono
306 1161 446 1212 testudinis
459 1167 486 1213 et
497 1179 572 1230 prece
584 1161 682 1214 blenda

41 1227 136 1280 Ducere
147 1246 199 1297 quo
212 1229 298 1282 vellet.
334 1230 397 1282 Fuit
409 1231 466 1282 haec
478 1230 608 1299 snpientia
620 1230 759 1299 quondam,

41 1295 146 1350 Publice
158 1299 268 1366 privatis
281 1315 418 1365 secernere,
431 1317 504 1352 secra
516 1299 639 1369 profanis,

41 1366 181 1420 Concubitu
195 1367 329 1436 prohibere
341 1386 414 1435 vago,
427 1369 489 1421 dere
498 1371 560 1436 jure
571 1367 681 1435 meritis,

41 1436 141 1504 Oppida
152 1436 245 1502 moliri,
259 1437 328 1504 leges
340 1438 454 1490 incidere
466 1438 485 1490 li
524 1456 552 1490 o:

41 1503 78 1557 Sic
90 1505 174 1558 honor
186 1512 213 1556 et
225 1521 319 1557 nomen
332 1506 428 1558 divinis
440 1509 496 1560 rati
514 1524 545 1559 us
557 1511 636 1576 etque
769 1507 818 1557 400

41 1573 201 1626 Carminibus
213 1575 293 1627 venit.
329 1575 391 1627 Post
403 1577 450 1627 hos
461 1577 571 1644 insignis
584 1577 714 1629 Homerus

42 1641 207 1712 lynoeusque
218 1660 302 1696 meres
314 1645 412 1696 animos
424 1645 453 1696 in
466 1645 564 1698 Martis
575 1646 645 1698 belle

42 1710 162 1765 Versibus
174 1713 294 1777 execuit;
312 1713 389 1765 dictae
400 1731 447 1781 per
459 1716 575 1766 carmine
587 1722 675 1781 sortes,

42 1779 72 1832 Et
83 1783 147 1834 vitoe
159 1788 304 1835 monstratu
316 1783 360 1834 vie
372 1789 426 1846 est;
445 1790 471 1835 et
483 1785 569 1850 gratie
580 1801 673 1851 regum

41 1849 130 1903 Pieriis
143 1855 247 1903 tentate
258 1851 349 1915 modis,
361 1852 491 1920 ludusque
503 1859 620 1922 repertus

41 1918 73 1971 Et
83 1921 223 1988 longorum
235 1937 341 1990 operum
353 1921 427 1975 finis:
445 1939 479 1974 ne
491 1922 557 1974 forte
569 1921 663 1990 pudori

41 1987 78 2042 Sit
89 1989 141 2043 tibi
154 1989 232 2042 Musa
244 1990 306 2058 lyrae
320 1990 407 2042 sollers
420 1996 447 2043 et
459 1997 549 2044 centor
562 1991 662 2059 Apollo.

41 2056 142 2111 Nature
153 2059 227 2112 fieret
238 2059 370 2112 laudabile
383 2077 494 2126 cannen,
507 2079 542 2112 an
554 2067 617 2126 erte,

42 2126 188 2189 Quaesitum
200 2135 251 2181 est:
270 2146 318 2196 ego
330 2145 378 2180 nec
391 2130 508 2182 studium
522 2131 577 2182 sine
589 2129 671 2182 divite
684 2145 757 2194 vene,

42 2195 93 2249 Nec
105 2197 172 2249 rude
182 2197 245 2264 quid
258 2199 338 2265 possit
345 2198 420 2250 rideo
433 2199 585 2266 ingenium
597 2200 705 2252 alterius
713 2199 749 2251 sic
773 2197 825 2250 410

42 2266 132 2318 Altera
145 2267 229 2334 poscit
241 2284 316 2335 opem
328 2284 368 2318 res
381 2273 408 2318 et
420 2271 540 2336 conjuret
552 2268 640 2321 amice.

43 2335 91 2397 Qui
105 2336 196 2387 studet
208 2343 326 2404 optatam
339 2353 416 2388 cursu
428 2338 579 2404 contingere
590 2344 697 2406 metam,

42 2404 129 2456 llultn
142 2404 207 2456 tulit
218 2406 332 2473 fecitque
344 2422 416 2473 puer,
430 2406 535 2458 sudavit
548 2413 574 2458 et
586 2406 654 2470 alsit,

43 2474 180 2526 Abstinuit
193 2473 293 2526 Venere
305 2481 332 2526 et
344 2476 419 2539 vino;
438 2477 484 2543 qui
497 2475 594 2542 Pythie
606 2479 696 2527 contet

44 2542 159 2609 Tibicen,
171 2543 265 2596 didicit
277 2545 350 2612 prius
363 2545 537 2612 extimuitque
549 2544 712 2611 magistrum.

44 2613 64 2664 N
66 2633 95 2667 ec
108 2617 174 2668 sotis
186 2623 226 2670 est
238 2618 342 2685 dixisse,
355 2620 437 2687 “Ego
450 2621 517 2672 mira
524 2622 647 2687 poemate
660 2635 761 2687 pengo;
