1858 2874
93 105 127 154 52

415 100 567 155 ΠΟΒΑΤΙΙ

195 208 310 262 Fastidit
322 207 523 276 umbrosamque
534 207 627 278 ripum,

229 277 290 330 Non
301 277 429 347 Zephyris
441 277 544 345 sgiteto
556 279 659 346 Tempe,

159 344 359 399 Desiderantem
371 346 440 415 quod
452 347 515 399 sutis
527 351 567 399 est
579 363 665 416 neque

159 415 365 469 Tumultuosum
376 415 502 468 sollicitet
513 433 593 483 mere,

193 484 220 538 N
221 501 250 536 eo
262 501 346 537 soevus
359 483 466 536 Arcturi
478 485 597 537 cudentis
657 523 664 540 .

229 553 348 622 Impetus
360 558 408 606 sut
420 553 527 606 orientis
540 552 627 621 Haedi,

160 621 221 676 Non
232 623 374 675 verberetae
386 622 514 690 grandine
526 621 610 676 vineae

159 690 321 760 Fundusque
332 691 454 758 mendox,
467 691 557 742 arbore
567 707 638 743 nune
649 705 731 759 equas

195 760 332 830 Oulpente,
342 777 413 812 nuno
425 760 552 822 torrentia
563 775 640 826 egros

229 829 327 896 Sidere,
339 846 411 882 nune
423 828 522 881 hiemes
533 828 645 898 iniquos.

160 897 301 951 Oontreetu
331 899 396 951 isoes
408 914 512 966 oequore
525 899 644 950 sentiunt

55 979 57 982 ·
160 967 180 1021 J
180 968 247 1020 setis
258 967 288 1019 in
299 917 385 1020 uftum
396 967 522 1030 molibus;
540 966 594 1019 hue
605 967 728 1036 frequens

195 1036 329 1089 Oaemente
341 1035 458 1090 demittit
469 1035 618 1104 redemptor

231 1105 297 1159 (ium
308 1105 414 1158 famulis
427 1104 547 1157 dominus
565 1121 599 1156 ue
611 1109 688 1157 terrse

161 1173 338 1238 Fastidiosus;
357 1173 402 1226 sed
413 1173 501 1225 'Pimor
513 1178 540 1226 et
584 1174 635 1225 inte

158 1242 296 1296 Scendunt
307 1242 404 1309 eodem,
417 1259 469 1310 quo
482 1241 610 1311 dominus,
622 1259 709 1312 neque

193 1311 305 1365 Decedit
318 1317 399 1365 oerete
411 1311 513 1364 triremi
524 1317 552 1364 et

229 1381 292 1434 Post
304 1381 419 1450 equitem
432 1381 505 1434 sedet
517 1385 576 1433 etro
588 1380 662 1434 Ouru

160 1449 271 1514 Quodsi
283 1449 414 1504 dolentem
426 1466 475 1502 nee
487 1449 619 1530 Phrygius
631 1449 699 1518 lupis

158 1517 215 1571 Nec
244 1535 403 1586 urpururum
415 1518 498 1570 sidere
510 1518 604 1570 clamor

191 1535 300 1640 Deienit
310 1603 374 1638 usus
386 1603 435 1639 neo
447 1587 560 1640 Falerno

227 1655 297 1707 Vitis
309 1654 558 1724 Achaemeniumque
570 1659 679 1723 costum,

157 1724 209 1777 Gur
220 1723 368 1777 invidendis
380 1725 497 1793 postibus
510 1728 537 1778 et
548 1742 616 1778 noro

156 1792 274 1847 Sublime
284 1793 340 1846 ritu
351 1793 445 1846 molier
456 1793 574 1846 atrium?

190 1862 243 1916 Gur
254 1863 323 1916 velle
335 1868 482 1931 permutem
496 1861 594 1915 Sabine

225 1931 339 1985 Divitias
352 1930 525 2001 operosiorest

207 2115 355 2171 csRMnN
373 2116 484 2171 II.-s1›
497 2132 593 2170 runnu
606 2132 754 2170 nonensis.

153 2228 310 2283 Areusnssr
322 2228 406 2282 omioe
417 2223 572 2310 pauperiem
583 2228 642 2299 peti

154 2297 289 2350 Robustus
301 2298 355 2350 scri
367 2297 464 2350 mihtin
476 2315 542 2366 puer

189 2365 329 2420 Gondisest
339 2372 366 2418 et
378 2366 489 2418 Parthos
501 2367 600 2420 feroces

224 2433 310 2486 Vexet
322 2451 400 2500 eques
412 2436 568 2488 metuendus
580 2435 665 2502 husto,

154 2501 296 2568 Vitsrnque
307 2501 355 2552 sub
367 2500 427 2553 divo
440 2507 467 2554 et
476 2504 585 2572 trepidis
597 2509 661 2571 eget

154 2571 188 2624 In
198 2568 282 2621 rebus.
318 2567 400 2620 Illum
411 2586 445 2620 ex
456 2572 586 2625 moenibus
598 2571 706 2626 hosticis

188 2637 312 2689 Matrona
322 2635 446 2690 bellantis
458 2640 565 2704 tyrenni

844 1383 882 1433 40
922 1395 923 1404 q
