1866 2874
98 100 148 154 loa
414 101 570 155 HOltA'llI

100 197 157 261 Quo
168 199 252 266 magis
264 199 306 251 his
318 199 414 265 credas,
427 217 492 267 puer
504 200 575 252 hunc
587 217 635 268 ego
648 217 744 269 parvus
757 200 894 255 Ofellams

99 265 214 334 Integris
226 269 318 336 opibus
330 270 391 321 novi
403 286 455 321 non
468 269 548 322 latius
561 287 637 321 usum

99 335 185 398 Quum
196 353 268 388 nunc
280 337 377 390 accisis.
414 337 510 390 Videas
521 345 620 390 metato
632 339 660 389 in
673 338 757 406 agello

99 403 164 455 Cum
176 421 267 472 pecore
279 413 306 457 et
318 405 405 472 gnatis
417 406 512 458 fortem
524 407 641 458 mercede
653 407 780 472 colonum,

98 471 113 498 “
121 472 147 523 N
148 490 181 524 on
194 471 266 540 ego,”
279 483 437 540 narrantem,
450 477 574 527 “temere
586 474 629 527 edi
641 475 702 528 luce
714 476 834 544 profesta

99 539 249 605 Quidquam
262 547 358 607 preater
370 541 426 592 olus
438 541 547 592 fumosae
559 557 620 592 cum
632 542 698 608 pede
711 559 806 608 pernae.

97 611 136 660 Ac
148 609 214 659 milri
227 625 272 659 seu
284 609 393 675 longum
405 616 464 677 post
479 616 583 676 tempus
595 616 703 660 venerat
715 609 818 678 hospes,

98 674 160 728 Sive
170 694 277 744 operum
289 694 371 730 vacuo
383 684 474 744 gratus
486 678 595 729 conviva
607 695 653 744 per
665 677 775 729 imbrem

98 744 216 812 Vicinus,
227 745 294 798 beno
306 755 362 798 erat
373 763 426 798 non
438 746 552 814 piscibus
564 745 628 796 urbe
640 747 738 814 petitis,
840 752 893 800 120

97 813 148 866 Sed
160 814 233 882 pullo
245 821 325 883 atque
336 815 424 878 haedo;
443 820 501 866 tum
513 815 619 882 pensilis
631 832 685 866 uva
697 815 827 868 secundas

96 881 133 935 Et
144 901 201 936 nux
214 884 323 936 ornabat
334 900 436 935 mensas
448 900 509 934 cum
521 883 626 951 duplice
638 883 704 936 ficu:

97 949 160 1003 Post
172 952 221 1004 hoe
232 951 312 1003 ludus
324 957 380 1003 erat
392 952 470 1019 culpa
482 957 572 1019 potare
584 952 724 1018 magistra3

97 1018 136 1070 Ac
149 1027 272 1072 venerata
285 1020 366 1086 Ocres,
378 1020 417 1071 ita
429 1020 515 1071 culmo
528 1027 645 1087 surgeret
657 1020 719 1087 alto,

97 1086 234 1154 Explicuit
246 1087 307 1140 vino
319 1095 460 1140 contractae
473 1089 540 1140 seria
551 1089 652 1140 frontis.

87 1155 195 1208 -Saeviat
207 1162 286 1224 atque
298 1174 377 1209 novos
388 1163 493 1209 moreat
506 1157 622 1208 Fortuna
634 1157 775 1224 tumultus,
818 1157 890 1227 lues,

98 1224 232 1287 Quantum
241 1226 304 1277 hinc
316 1225 471 1277 imminuetl
494 1225 599 1289 Quanto
608 1232 656 1278 aut
664 1242 711 1293 ego
723 1226 830 1293 parcius
840 1237 890 1282 aut

97 1292 120 1344 0
132 1294 214 1361 pueri,
226 1294 351 1360 nituistis,
363 1301 396 1346 ut
407 1293 459 1346 huc
470 1311 555 1345 novus
565 1294 652 1346 incola
663 1294 754 1347 venitl

96 1359 122 1413 N
123 1378 166 1413 am
177 1363 305 1430 propriae‘¹
318 1363 419 1414 telluris
431 1362 524 1415 herum
536 1369 631 1414 natura
641 1379 728 1430 neque
739 1363 818 1416 illum
928 1361 929 1372 ¹

95 1427 152 1482 Nec
163 1449 205 1483 me
217 1449 265 1484 neo
277 1448 434 1499 quemquam
447 1431 554 1482 statuit:
572 1448 618 1482 nos
630 1431 734 1499 expulit
746 1432 810 1494 ille3
836 1437 889 1486 130

97 1497 178 1550 Illum
190 1506 238 1552 aut
249 1500 380 1567 nequities
391 1505 439 1551 aut
450 1499 519 1550 vafri
530 1499 634 1551 inscitia
642 1499 718 1566 juris,

96 1564 261 1619 Postremum
273 1568 388 1636 expellet
400 1573 470 1620 certe
482 1567 597 1619 vivacior
608 1567 689 1619 lieres.

95 1633 174 1688 Nunc
186 1653 248 1702 ager
261 1636 387 1688 Umbreni
399 1635 447 1688 rub
458 1636 570 1701 nomine,
583 1653 666 1703 nuper
678 1635 785 1688 Ofella·

95 1702 197 1770 Dictus,
209 1705 259 1756 erit
271 1705 339 1756 nulli
351 1705 478 1773 proprius,
491 1705 536 1755 sed
548 1704 623 1755 cedet
634 1705 663 1755 in
674 1721 754 1756 usum

95 1770 174 1826 Nunc
185 1773 258 1840 mihi,
271 1790 342 1825 nunc
353 1774 408 1827 alii
444 1773 569 1836 Quocirca
581 1773 663 1825 vivite
674 1773 763 1842 fortes,

95 1840 237 1910 Fortiaque
249 1842 363 1896 adversis
375 1841 499 1910 opponite
511 1848 617 1910 pectora
627 1840 728 1895 rebus.”
925 1853 926 1907 l

389 2008 517 2063 snmus
536 2008 586 2063 IIL

96 2117 111 2146 “
124 2117 171 2172 Sro
182 2133 242 2170 raro
254 2115 353 2185 scribis,
365 2122 397 2169 ut
410 2121 466 2169 toto
478 2133 532 2168 non
544 2121 638 2185 quater
649 2131 720 2171 anno
923 2183 924 2190 ἵ

94 2187 275 2243 Membranam
287 2205 384 2258 poscae,
397 2187 552 2256 scriptorum
565 2203 674 2254 quaeque
685 2193 815 2253 retexens,

95 2256 182 2310 Iratus
194 2259 251 2324 tibi,
263 2259 333 2326 quod
345 2257 401 2309 vini
413 2256 548 2323 somnique
560 2255 689 2322 benignus

93 2324 140 2379 Nil
151 2325 262 2393 dignum
274 2343 390 2379 sermone
402 2341 486 2378 canae.
523 2324 592 2387 Quid
604 2324 666 2376 fietl
684 2325 733 2376 At‘
743 2324 809 2392 ipsis

93 2394 277 2451 Saturnalibus
288 2396 341 2446 hue
352 2393 452 2461 fugisti
488 2391 593 2445 Sobrius
605 2409 665 2459 ergo

93 2463 144 2520 Dio
156 2462 257 2529 aliquid
269 2463 379 2529 dignum
391 2461 536 2530 promissis:
554 2461 648 2529 incipe.
684 2460 730 2512 Nil
743 2465 790 2513 est.

95 2529 242 2596 Grdpantur
253 2530 351 2580 frustra
363 2530 463 2580 calami
476 2530 674 2596 immeritusque
686 2528 790 2582 laborat

162 2618 172 2642 ⁸
185 2613 276 2652 Ofellum
372 2612 382 2639 ‘¹
396 2617 476 2665 propria
573 2617 659 2658 ‘Ofelli
756 2612 765 2641 ¹
777 2615 813 2660 Ab
920 2611 921 2648 l
