1866 2874
102 110 155 165 174
424 109 583 164 HORATII

102 212 195 264 Pressa
206 209 364 264 Vcnsfranae
376 207 445 277 quod
456 207 537 258 bacca
548 205 649 258 remisit
661 205 744 259 clivae.

103 279 207 333 Picenis
219 280 317 332 cedunt
328 278 411 347 pomis
423 275 544 328 Tiburtis
556 292 648 337 succo;
871 276 903 328 70

103 348 173 402 Nam
184 349 251 400 fecie
280 353 396 398 raestant.
432 344 571 396 Venucula
582 343 704 395 convenit
716 342 783 408 ollis,
804 360 808 368 ·
928 357 929 362 ¹

104 417 214 470 Rectius
225 365 355 468 elianam
367 415 440 466 fumo
452 413 587 464 duraveris
600 429 686 464 uvam.

104 485 184 538 Hunc
196 501 243 552 ego
255 499 316 536 cum
327 483 410 547 mulis,
423 498 471 548 ego
483 482 573 532 faecem
585 481 688 548 primus
701 485 728 531 et
740 479 819 547 allec,

104 553 208 606 Primus
220 559 247 604 et
258 552 377 604 invenior
387 551 463 619 piper
475 550 564 601 album
576 566 637 601 cum
650 549 703 600 sale
715 549 791 614 nigro

104 623 238 676 Inorctum
251 621 323 689 puris
335 619 549 686 circumposuisse
561 618 664 668 catillis.

104 691 223 744 Immune
235 696 276 742 est
287 689 382 741 vitium
394 687 456 739 dare
468 686 552 738 miliia
564 693 640 737 terna
651 685 761 737 macello

104 760 276 826 Angustoque
288 773 367 824 vagos
379 756 463 823 pisces
476 771 568 822 urgere
580 755 674 806 catino.

105 826 205 894 Magna
215 831 303 878 movet
315 826 448 877 stomacho
459 824 574 890 fastidia,
587 840 632 874 scu
645 839 710 890 puer
721 821 814 874 unctis

105 895 239 948 Tractavit
252 895 359 946 calicem
371 892 500 957 menibus,
512 893 576 943 dum
587 893 679 943 furtan
692 891 785 958 ligurit
792 909 801 955 ;

105 964 166 1016 Sive
178 964 265 1031 gravis
277 962 359 1014 veteri
371 967 479 1013 orateroe
492 961 571 1012 limus
583 961 701 1012 adhaesit.
869 965 902 1012 80

106 1032 208 1083 Vilibus
221 1033 248 1082 in
262 1032 353 1098 scopis,
365 1030 393 1080 in
405 1029 515 1097 mappis,
528 1030 556 1080 in
569 1028 644 1080 scobe
656 1034 772 1096 quantus

107 1100 231 1152 Consistit
244 1097 381 1166 sumptus?
417 1098 442 1149 N
444 1097 559 1165 eglectis‚
572 1098 704 1164 flagitium
716 1098 823 1164 ingens.

105 1166 168 1220 Tcn‘
181 1168 281 1236 lapides
293 1167 377 1219 varios
388 1165 522 1218 lutulenta
533 1167 623 1218 radere
636 1167 731 1234 palma,

105 1237 142 1289 Et
154 1237 245 1305 Tyrias
257 1237 319 1287 darc
331 1236 429 1287 circum
440 1235 515 1286 illota
527 1235 620 1287 toralia
632 1242 724 1301 vestes,

107 1305 232 1372 Oblitum‚
245 1311 344 1374 quanto
356 1320 444 1355 curam
458 1309 643 1371 sumptumque
655 1305 782 1354 minorem

107 1372 172 1426 Haec
184 1373 306 1438 habeant,
319 1378 394 1424 tanto
405 1372 560 1440 reprehendi
569 1373 667 1440 justius
679 1373 740 1438 illis,

107 1442 171 1505 Quae
184 1443 235 1494 nisi
248 1440 374 1494 divitibus
385 1446 518 1520 nequeant
530 1441 680 1508 contingere
692 1436 828 1493 mensisi”

109 1511 124 1539 “
132 1510 214 1560 Docte
224 1507 289 1573 uati,
302 1523 349 1574 per
361 1505 503 1557 amicitiam
517 1507 649 1574 Divosque
661 1515 773 1575 rogetus

107 1573 210 1626 Ducere
221 1591 263 1624 me
276 1573 406 1639 auditum,
464 1588 508 1639 ges
520 1587 683 1640 quocunque,
696 1583 835 1623 memento.

108 1641 177 1694 Nam
189 1641 307 1710 quamvis
319 1642 427 1693 memori
439 1641 535 1692 referas
547 1640 612 1691 mihi
626 1645 729 1708 pectore
742 1648 849 1707 cuncta,
869 1645 904 1692 90

108 1710 168 1762 Non
180 1716 269 1762 tamen
281 1711 409 1778 interpres
421 1709 578 1760 tantundem
586 1709 694 1776 juveris.
730 1709 806 1760 Adde

109 1779 221 1831 Vultum
232 1779 404 1847 habitumque
416 1777 535 1842 hominis,
548 1793 627 1844 quem
639 1784 670 1828 tu
682 1777 778 1829 vidisse
789 1777 888 1830 beatus

108 1847 169 1900 Non
180 1848 271 1914 magni
282 1847 381 1914 pendis,
395 1847 457 1914 quia
469 1847 595 1912 contigit;
614 1853 642 1897 at
653 1846 720 1896 mihi
732 1863 794 1898 curn

108 1917 135 1970 N
135 1934 169 1968 cn
181 1917 316 1968 mediocris
329 1916 403 1981 inest,
416 1916 502 1966 fontes
515 1919 546 1965 ut
558 1915 630 1965 adire
641 1921 753 1966 remotos

109 1985 197 2054 Atque
208 1985 313 2037 hsurire
326 2000 419 2052 queam
431 1984 494 2037 vitae
505 1991 637 2052 praecepta
649 1981 757 2036 bcatae.”

416 2164 544 2218 SATIRA
563 2165 594 2220 V.

113 2267 128 2296 ¹‘
137 2267 197 2320 Hoc
210 2285 320 2337 quoque,
332 2267 438 2331 Tiresia,
451 2271 547 2334 praeter
556 2268 663 2318 narrata
675 2265 778 2334 petenti

114 2335 257 2404 Responde,
270 2337 364 2405 quibus
377 2337 483 2388 amissas
495 2352 614 2404 reparare
626 2351 720 2404 queam
731 2352 772 2387 res

112 2405 220 2456 Artibus
232 2412 312 2472 atque
321 2405 413 2457 modis.
421 2433 456 2442 -
465 2405 534 2468 Quid
545 2405 614 2456 rides
626 2404 705 2457 t''-“
713 2405 811 2457 Jamne
820 2403 912 2459 doloso

112 2473 137 2524 N
139 2489 172 2523 on
185 2473 248 2524 satis
260 2480 299 2525 est
312 2473 432 2525 Ithacam
444 2475 532 2526 revehi
545 2474 694 2542 patriosque
707 2479 817 2542 penates

113 2539 253 2606 Adspicere
263 2539 289 2591 i”
319 2540 364 2592 “0
377 2541 446 2591 nulli
458 2542 602 2609 quidquam
614 2543 733 2610 mentite,
745 2541 827 2611 vides,
840 2549 875 2595 ut

466 2634 478 2657 ι
494 2626 560 2665 frusto
