1866 2874
110 131 162 184 150
423 122 576 176 HORATII

108 234 186 301 Nem,
199 231 312 301 displosa
324 233 399 282 sonet
411 233 541 297 quantum
552 227 645 294 vesica,
658 226 754 296 pepedi

108 301 215 355 Diffisse
226 307 288 354 nete
301 299 381 351 ficus:
399 305 428 349 et
440 297 493 349 illee
505 314 607 348 currere
619 296 647 347 in
659 297 759 349 urbem.

110 371 225 424 esnidiae
238 370 336 435 dentes,
349 366 434 420 ultum
446 366 556 433 Segenee
568 364 730 416 caliendrum

109 439 237 492 Exeidere
249 445 329 505 etque
341 435 434 488 herbas
446 440 526 502 etque
538 435 674 485 incantata
685 431 790 485 lacertis

110 507 225 562 vinum
236 523 298 560 cum
309 521 405 572 magno
416 504 523 571 risuque
531 504 642 571 jocoque
653 501 762 554 rideres.
867 505 900 553 50

404 658 535 712 SA'HRA
553 656 600 710 IX.

110 787 186 842 Issrr
198 788 267 841 forte
278 787 322 840 vie
334 803 414 849 secte,
427 786 495 838 sicut
507 801 580 836 meus
593 788 632 836 est
644 801 706 850 mos,

109 857 203 912 Nescio
216 857 280 926 quid
291 855 422 908 meditans
434 871 566 921 nugarum
578 872 585 916 ;
603 858 674 905 totus
687 853 715 904 in
727 853 789 905 illis

109 927 231 980 Accurrit
244 925 351 992 quidem
362 929 440 976 notus
452 922 518 974 mihi
530 922 635 973 nomine
647 927 760 987 tentum,

110 997 273 1062 Arreptsque
285 1009 381 1045 menu:
401 991 494 1055 “Quid
505 990 570 1058 ogis,
583 990 732 1042 dulcissime
744 1007 834 1043 rerum
844 990 874 1043 2³¹

110 1059 835 1140 “Suaviter,utnuncest,'‘inqusm3“etcupioomniequse
840 1058 899 1141 visl'

111 1132 390 1266 uu
398 1217 403 1260 ,
412 1127 782 1264 ‘irruendum
792 1129 899 1250 leur

112 1267 196 1336 Hoc,’'
206 1268 322 1336 inquam,
332 1266 416 1318 “mihi
426 1265 499 1319 eris.”
524 1265 619 1318 Misere
630 1265 762 1316 discedere
771 1281 898 1332 quaerens,

112 1337 155 1390 lre
165 1338 242 1388 modo
254 1337 332 1400 ocius,
345 1335 479 1386 interdum
487 1335 633 1398 consistere,
645 1335 674 1385 in
685 1350 775 1386 eurem

111 1403 204 1458 Dicere
216 1405 302 1458 nescio
313 1405 378 1473 quid
390 1421 478 1470 puero,
492 1421 574 1470 quum
587 1403 664 1454 sudor
676 1403 710 1454 ed
721 1403 787 1454 imos
869 1404 901 1453 10

112 1472 234 1526 Menuret
246 1473 319 1526 telos.
355 1472 399 1525 “0
412 1479 446 1537 te,
459 1471 564 1538 Bolsue,
577 1471 674 1523 cerebri

112 1539 228 1594 Felicem
238 1541 261 1597 !‘’
280 1540 382 1594 ciebsm
395 1542 491 1594 lucitus
503 1559 510 1603 ;
528 1557 611 1608 quum
623 1538 753 1607 quidlibet
764 1539 811 1592 ille

112 1609 236 1677 Gerriret,
248 1609 326 1672 vicos,
338 1608 431 1662 urbem
442 1609 570 1662 laudaret
606 1609 643 1660 Ut
654 1608 696 1660 illi

112 1676 158 1731 Nil
169 1679 363 1746 respondebam,
375 1678 493 1730 “Misere
505 1675 603 1746 cupis,''
616 1677 712 1744 inquit,
724 1677 739 1704 “
748 1677 838 1742 ebire;

112 1747 278 1800 Jemdudum
289 1747 382 1810 rideo;
400 1747 445 1798 sed
457 1747 496 1798 nil
508 1747 564 1813 egis
576 1764 584 1810 ς
603 1763 684 1836 usque
696 1746 790 1798 tenebo
803 1765 810 1810 3

112 1814 257 1883 Persequar
265 1815 335 1880 hinc,
342 1832 394 1882 quo
402 1831 473 1866 nunc
481 1815 533 1866 iter
539 1821 578 1866 est
588 1813 660 1866 tibi'
678 1815 743 1866 “Nil
751 1832 818 1882 opus
827 1818 868 1868 est
878 1821 903 1865 te

112 1884 233 1937 Oircumn
253 1885 258 1896 '
271 1902 278 1945 3
296 1884 428 1950 quendem
439 1883 498 1936 volo
511 1884 594 1936 risere
605 1901 657 1935 non
670 1883 720 1935 tibi
732 1891 835 1948 notum.

111 1953 194 2006 Trans
206 1952 236 2005 'li
269 1952 319 2004 rim
331 1952 408 2018 longe
420 1951 500 2003 cubet
511 1953 541 2020 is,
554 1969 634 2020 prope
645 1952 752 2004 Oaeseris
765 1951 879 2004 hortos”

112 2021 175 2074 “Nil
187 2020 269 2074 hebeo
282 2021 351 2102 quod
363 2037 439 2088 egem
449 2026 537 2073 etnon
549 2038 606 2072 sum
618 2021 708 2088 piger,
720 2037 803 2089 usque
858 2037 904 2073 uer

115 2089 229 2142 Demitto
241 2089 378 2154 auriculas,
389 2095 421 2140 ut
432 2089 530 2156 iniquos
542 2089 637 2142 mentis
649 2089 752 2154 asellus,
858 2088 903 2141 te’

113 2157 201 2222 Quum
213 2159 318 2226 gravius
331 2158 405 2210 dorso
417 2156 498 2208 subiit
509 2175 581 2211 onus.
617 2158 717 2226 Incipit
729 2157 792 2212 ille:
872 2162 903 2210 21

111 2227 127 2254 ·'‘
137 2225 166 2278 Si
178 2225 243 2278 bene
255 2244 296 2279 me
308 2226 376 2292 novi,
388 2243 442 2278 non
455 2225 563 2278 Viscum
576 2225 660 2294 pluris
672 2228 797 2293 amicum,

118 2293 177 2348 Non
188 2295 298 2347 Verium
310 2295 390 2347 socies
401 2313 408 2359 ;
426 2311 488 2346 nem
500 2295 558 2363 quis
569 2312 612 2347 me
624 2295 734 2346 scribere
746 2295 837 2362 plures

112 2361 168 2416 Aut
180 2361 259 2414 citius
290 2363 352 2414 ossit
364 2380 453 2416 versus
466 2363 474 2416 l
493 2364 552 2431 quis
562 2363 680 2416 membre
690 2379 800 2416 movere

112 2429 241 2483 Molliusl
260 2380 384 2483 lbvidect
413 2432 466 2484 uod
478 2437 504 2483 et
517 2432 702 2499 Hermogenes,
715 2449 764 2500 ego
777 2432 882 2486 esum?

115 2497 307 2564 interpellandi
318 2449 431 2550 locuslri

112 2563 468 2630 Oognetiqulsteselvoesto
486 2566 907 2639 usl”—“Heudmihiquisqnsm.

112 2629 210 2682 Omnes
222 2631 428 2697 composui.”-“
436 2633 473 2684 Fe
486 2635 553 2688 'cesl
572 2653 646 2688 nunc
656 2654 704 2706 ego
715 2644 794 2694 resto.

432 2507 530 2552 cenot:
548 2501 618 2552 “Est
630 2500 679 2552 tibi
691 2507 785 2568 meter,
