1866 2874
426 141 581 195 Hosion

179 253 282 306 (timcte
292 251 403 305 festinat
413 267 515 317 menus,
527 250 580 302 hnc
591 254 618 301 et
629 249 694 301 illuc

178 321 314 375 (tmsitent
325 321 416 373 mixtae
428 319 516 388 pueris
546 318 638 382 uelloe3
834 329 838 338 ’
870 321 901 368 10

177 389 318 444 Sordidum
329 390 441 442 flemmae
452 388 520 455 trcpi
574 392 586 438 t
598 391 714 438 rotentes

248 458 353 511 Vertice
364 458 475 509 fumum

178 527 217 580 Ut
228 530 318 579 temen
330 525 400 578 noris
412 525 506 592 quibus
518 523 651 576 advoceris

178 595 295 661 Geudiis,
308 594 372 648 Idus
383 593 433 645 tibi
445 597 507 644 sunt
519 592 635 659 egendae,

178 664 231 731 Qui
242 663 297 716 dics
308 679 424 715 mensem
436 661 544 713 Veneris
556 661 663 714 marine

246 730 339 785 Findit
351 729 475 798 Aprilem,

177 802 245 856 Jure
257 799 388 853 sollemnis
399 797 465 849 mihi
479 797 643 866 sanctiorque

177 870 257 923 Poene
269 868 353 920 netuli
365 866 476 935 proprio,
488 866 558 934 quod
570 883 604 918 ex
615 865 665 918 hnc

177 939 249 992 Luce
261 937 391 988 Meecenes
403 951 477 987 meus
489 934 633 987 adfluentes

96 1045 108 1064 .
246 1005 358 1058 Ordinet
369 1020 458 1056 ennos.
864 1007 898 1054 20

176 1073 329 1142 Telephum,
342 1089 421 1140 quem
432 1077 464 1124 tu
475 1072 552 1140 petis,
563 1073 703 1142 occupavit

175 1143 236 1195 Non
248 1148 302 1195 tuae
315 1141 391 1194 sortis
399 1143 525 1210 juvenem
536 1141 625 1209 puelle

175 1211 255 1265 Dives
268 1217 295 1264 et
306 1210 404 1264 lesciva
415 1215 540 1278 tenetque
551 1215 629 1278 grate

245 1280 373 1349 Gompede
385 1279 513 1331 vinctum.

175 1349 265 1402 [Ferret
277 1349 413 1402 ambustus
426 1347 566 1400 Phaethon
578 1363 670 1401 noeros

175 1417 248 1486 Spes,
259 1423 286 1471 et
298 1417 449 1485 exemplum
459 1433 539 1484 greve
551 1416 650 1484 praebct
662 1415 715 1468 clcs

175 1486 290 1554 Pegasus
302 1492 436 1539 terrenum
448 1485 563 1554 equitem
574 1491 699 1553 moetus

244 1554 478 1623 Bellerophontem,

176 1622 283 1691 Semper
295 1629 326 1675 ut
337 1629 365 1675 te
376 1623 458 1690 digna
469 1639 576 1691 sequere
588 1628 615 1674 et
627 1622 699 1674 ultre

174 1692 259 1756 Quem
270 1691 333 1744 licet
344 1707 446 1760 sperare
457 1693 531 1745 nefas
543 1691 668 1760 putando,
864 1695 899 1745 30

173 1760 311 1829 Dispercm
322 1760 396 1814 vites.
431 1759 488 1828 Age
496 1763 555 1829 jem
565 1777 683 1812 meorum

242 1828 315 1882 Finis
327 1846 444 1883 amorum
455 1858 491 1868 —

173 1898 234 1952 Non
246 1898 317 1950 enim
328 1898 436 1966 posthec
448 1897 501 1950 elie
513 1895 601 1950 calebo

172 1967 283 2020 Femina
293 1996 329 2006 —
340 1966 458 2020 condisce
469 1966 566 2033 modos,
579 1964 692 2017 emenda

172 2036 242 2090 Voce
254 2052 318 2104 qnos
329 2036 437 2098 reddam
454 2034 610 2088 minuentur
620 2039 686 2086 emes

241 2104 362 2158 Carmine
375 2119 451 2156 curae⁴

257 2319 405 2374 GARMEN
421 2320 559 2374 >HL-sn
572 2333 736 2373 v1no1n1o1.

170 2437 191 2490 J
192 2452 232 2489 ms
244 2439 312 2490 veris
324 2440 437 2507 comites,
449 2459 508 2509 quoe
519 2459 591 2494 merc
603 2445 761 2510 temperent,

171 2505 318 2573 Impellunt
330 2507 422 2558 enimae
433 2509 517 2562 linteo,
529 2510 661 2562 Threciae:

171 2571 191 2625 J
191 2589 235 2626 em
246 2588 295 2624 nec
306 2578 382 2639 prete
393 2574 480 2640 rigent
491 2595 540 2630 nec
552 2578 628 2631 fluvii
640 2582 764 2647 strepunt

240 2639 358 2692 Hiberna
369 2639 429 2692 nivc
441 2646 548 2712 turgidi.
