1908 2886
266 121 518 178 EPISTOLARUM
537 120 561 173 1.
581 124 620 184 16,
641 123 682 174 17.
812 117 861 168 211

228 323 397 378 EPIS'POLA
415 325 575 379 xvii-u>
589 341 712 380 scursa.

13 437 14 484 Ϊ
71 439 214 504 Quantum,
227 437 323 503 Scaeva,
336 437 399 489 satis
411 453 457 504 per
469 441 496 488 te
508 436 557 488 tibi
570 435 682 488 consulis
695 440 722 488 et
734 434 784 488 scis

13 571 14 576 Ἰ
72 510 131 572 Quo
143 507 252 560 tandem
264 515 341 574 pacto
353 506 444 558 deceat
455 505 597 573 majoribus
610 506 657 573 uti,

13 581 14 590 ’
71 577 159 644 Disce,
172 576 303 628 docendus
315 576 401 628 adhuc
414 592 473 643 quoe
485 581 574 627 censet
586 574 722 642 amiculus,
733 579 766 627 ut
778 573 800 626 si

13 675 15 690 ·
73 648 167 698 Caecus
177 647 228 698 iter
239 653 384 698 monstrare
396 643 461 696 velit
468 663 475 708 ;
493 650 583 696 tamen
594 644 706 712 adspice,
719 645 741 696 si
753 645 817 714 quid

13 733 14 774 t
71 715 109 768 Et
121 733 177 782 noa,
189 715 259 783 quod
271 731 343 767 cures
355 714 490 783 proprium
500 713 599 781 fecisse,
611 713 755 782 loquamur.

72 785 102 838 si
115 790 142 837 te
154 791 232 852 grata
244 784 316 852 quies
328 790 355 836 et
367 783 479 852 primam
492 800 597 834 somnus
609 783 637 834 in
649 783 741 835 horam

71 854 205 920 Delectat,
217 855 239 905 si
251 860 278 906 te
290 853 377 922 pulvis
390 853 565 920 strepitusque
577 858 701 918 rotarum,

72 924 101 976 Si
114 923 190 975 laedit
202 940 327 991 caupona,
340 922 511 974 Ferentinum
523 923 560 972 ire
568 921 682 989 jubebo;

71 993 143 1044 Nam
155 1008 240 1060 nequo
253 992 380 1044 divitibus
392 991 551 1058 contingunt
563 991 660 1057 gaudia
673 991 741 1058 solis,

71 1062 129 1114 Nec
140 1063 210 1115 vixit
221 1062 298 1129 male,
310 1061 356 1130 qui
367 1068 446 1113 natus
458 1061 621 1128 moriensque
634 1061 736 1113 fefellit.
831 1063 864 1113 10

73 1130 102 1183 si
113 1131 234 1202 prodesse
245 1132 300 1183 tuis
312 1131 452 1199 paulloque
463 1129 601 1197 benignius
614 1130 699 1198 ipsum

74 1200 109 1254 ue
123 1207 236 1253 mactare
248 1200 327 1263 voles,
340 1200 446 1252 accedes
459 1200 541 1251 siccus
554 1197 588 1250 ad
602 1205 717 1254 unctum.

74 1271 90 1298 “
99 1269 128 1324 Si
140 1271 280 1339 pranderet
292 1271 349 1322 olus
361 1274 498 1340 patienter,
510 1271 616 1340 regibus
628 1273 669 1325 uti

76 1339 165 1392 Nollet
177 1339 353 1408 Aristippus.”
389 1342 440 1394 “Si
452 1343 529 1394 sciret
540 1341 645 1408 regibus
657 1340 705 1406 uti,

76 1408 218 1461 Fastidiret
230 1409 294 1474 olus,
307 1410 352 1477 qui
364 1427 406 1462 me
417 1410 516 1463 notat.”
552 1411 643 1462 Utrius
655 1410 749 1462 horum

76 1475 162 1529 Verba
174 1477 265 1545 probes
277 1485 304 1529 et
316 1477 394 1544 facta,
407 1477 477 1539 doce,
490 1476 531 1528 vel
540 1475 630 1543 junior
642 1476 711 1541 audi,

76 1545 128 1598 cur
141 1546 175 1598 sit
187 1546 315 1615 Aristippi
328 1546 412 1614 potior
425 1545 570 1609 sententia;
589 1562 702 1613 namque

75 1613 224 1668 Mordacem
237 1616 365 1682 Cynicum
377 1616 414 1666 sio
426 1614 555 1680 eludebat,
569 1621 602 1666 ut
613 1615 704 1668 aiunt:

76 1679 91 1707 “
99 1679 206 1733 Scurror
217 1699 265 1750 ego
277 1683 332 1752 ipse
344 1684 417 1748 mihi,
430 1684 526 1752 populo
538 1690 586 1748 tu;
603 1685 700 1736 rectius
712 1683 761 1735 hoc
774 1688 800 1734 et

74 1751 242 1821 Splendidius
249 1753 333 1804 multo
341 1758 388 1805 est.
405 1751 498 1818 Equus
505 1756 537 1804 ut
544 1768 586 1802 me
596 1757 689 1820 portet,
698 1751 753 1804 alat
761 1769 815 1819 rex,
829 1753 863 1803 ‘20

75 1821 197 1874 Officium
209 1821 292 1875 facio:
309 1828 341 1873 tu
352 1821 435 1890 poscis
448 1820 512 1872 vilia
522 1837 618 1888 rerum,

72 1890 163 1944 Dante
174 1891 267 1958 minor,
280 1891 400 1959 quamvis
412 1891 463 1942 fers
476 1895 503 1942 te
515 1890 614 1942 nullius
627 1891 771 1958 egentem.”

73 1959 167 2012 Omnis
179 1959 346 2030 Aristippum
358 1960 447 2012 decuit
459 1959 528 2011 color
540 1965 567 2010 et
580 1966 665 2011 status
678 1965 704 2010 et
716 1975 764 2027 res,

72 2029 233 2082 Tentantem
244 2033 352 2098 majora,
363 2030 417 2082 fere
429 2027 600 2098 proesentibus
613 2045 724 2096 aequum.

72 2099 178 2167 Contra,
191 2116 269 2168 quem
281 2098 381 2168 duplici
391 2115 479 2168 panno
491 2097 621 2166 patientia
632 2097 711 2164 velat,

70 2167 197 2235 Mirabar,
210 2168 272 2221 vitae
284 2169 328 2221 via
339 2168 361 2220 si
373 2184 496 2220 conversa
508 2167 616 2219 decebit.

71 2237 151 2290 Alter
181 2255 323 2306 urpureum
334 2255 388 2289 non
400 2235 563 2304 exspectabit
575 2236 707 2303 amictum,

71 2255 211 2370 Quidlibet
222 2307 332 2359 indutus
344 2305 510 2360 celeberrima
522 2321 568 2372 per
580 2305 637 2357 loca
648 2305 734 2372 vadet,

70 2375 267 2444 Personamque
278 2376 345 2428 feret
356 2392 409 2427 non
421 2373 592 2426 inconcinnus
604 2380 757 2443 utramque3

69 2445 149 2500 Alter
161 2445 249 2498 Mileti
261 2450 363 2497 textam
375 2461 439 2496 cane
450 2445 525 2511 pejus
537 2449 563 2494 et
575 2445 657 2512 angui
829 2447 863 2498 30

72 2514 180 2568 Vitabit
193 2513 365 2581 chlamydem,
377 2513 503 2564 morietur
514 2511 617 2578 frigore,
630 2513 652 2563 si
664 2529 716 2564 non

70 2583 218 2637 Rettuleris
230 2599 355 2650 pannum.
392 2582 470 2632 Refer
482 2585 509 2630 et
521 2580 577 2630 sine
590 2580 662 2632 vivat
674 2582 786 2647 ineptus.

69 2652 125 2706 Bes
137 2667 227 2722 gerere
239 2656 266 2704 et
279 2655 369 2719 captos
381 2648 515 2702 ostendere
528 2646 628 2700 civibus
640 2648 726 2700 hostes
