1908 2886
130 141 182 192 2³8
453 136 607 190 Hounrn

130 238 241 292 Publica
252 239 373 291 materies
384 237 480 306 privati
489 238 558 306 juris
570 238 628 305 crit,
640 238 662 290 si

130 307 191 362 Non
202 309 270 361 circa
282 308 360 360 vilem
373 307 544 376 patulumque
556 307 696 360 moraberis
708 305 803 375 orbem,

132 377 187 431 Nec
199 377 277 432 verbe
289 393 379 431 verum
391 375 494 429 curabis
505 377 612 429 reddere
623 377 692 429 fidus

133 446 272 515 interpres,
284 463 332 498 nec
344 445 445 499 desilies
457 446 575 499 imitator
586 447 615 498 in
626 452 736 511 arctum,

132 516 208 568 Unde
219 515 312 584 pedem
324 516 452 584 proferrek
466 516 550 584 pudor
561 521 633 569 vetet
644 523 692 568 aut
704 514 787 584 operis
798 513 849 570 lex.

131 584 187 638 Nec
199 585 237 638 sic
247 584 364 654 incipies,
378 591 408 636 ut
420 585 530 653 scriptor
541 585 655 653 cyclicus
667 585 744 637 olim=

132 653 298 706 “Fortunam
311 653 409 706 Priami
421 654 531 707 cantabo
543 662 570 706 et
581 653 667 706 nobile
679 651 799 706 bellum”

133 723 203 788 Quid
215 723 325 791 dignum
336 729 411 776 tento
422 723 489 776 feret
500 723 543 776 hic
555 723 692 792 promissor
704 721 796 776 hiatui

132 789 289 846 Parturiunt
300 799 409 858 montes,
421 799 542 846 nascetur
552 793 679 844 ridiculus
690 809 756 844 mus.

134 863 238 926 Quanto
250 862 345 915 rectius
357 862 407 929 hic,
421 863 467 930 qui
478 862 517 914 nil
529 863 636 914 molitur
647 863 751 930 inepte:
868 865 919 913 140

133 932 206 984 “Dic
218 931 291 998 milri,
303 931 387 998 Musa,
400 931 493 996 virum,
505 937 589 1000 captae
601 937 660 1000 post
672 937 789 999 tempora
800 929 885 998 'urojae

134 1001 187 1066 Qui
198 1017 280 1054 morer
293 1000 428 1052 hominum
439 1000 582 1052 multorum
594 1001 661 1053 vidit
673 1007 700 1052 et
711 998 811 1053 urbea”

133 1070 160 1124 N
160 1087 194 1123 on
205 1070 310 1122 fumum
321 1086 354 1121 ex
366 1069 476 1137 fulgore,
489 1069 533 1121 sed
545 1087 578 1122 ex
590 1070 663 1122 fumo
674 1069 736 1121 dare
747 1069 834 1122 lucem

135 1139 246 1208 Cogitat,
258 1145 290 1191 ut
302 1139 416 1260 speciose
427 1139 523 1191 dehinc
534 1139 660 1191 miracula
672 1145 781 1207 promat,
830 1159 833 1168 ’
934 1143 935 1156 ’

133 1208 299 1277 Antiphaten
330 1207 477 1276 cyllamque
489 1217 514 1260 ct
528 1226 588 1260 curn
601 1207 711 1277 Cyclope
723 1206 889 1276 Charybdim
934 1215 935 1236 ¹

134 1277 161 1331 N
161 1295 190 1331 ec
202 1278 316 1330 reditum
327 1277 461 1329 Diomedis
473 1277 506 1329 ab
518 1278 629 1330 interitu
641 1277 775 1345 Meleagri,
934 1281 935 1322 l

134 1345 161 1399 N
162 1365 191 1400 ec
202 1347 306 1415 gemino
318 1346 415 1402 bellum
428 1347 568 1415 Trojanum
581 1346 682 1400 orditur
693 1347 725 1398 ab
737 1363 801 1410 ovo;

136 1415 243 1486 Semper
255 1416 290 1469 ad
301 1422 424 1469 eventum
436 1415 544 1468 festinet
556 1422 583 1469 et
594 1416 623 1468 in
635 1415 733 1468 medias
744 1433 786 1468 res

135 1484 196 1538 Non
208 1502 281 1538 secus
293 1502 324 1538 ao
336 1491 411 1538 notas
423 1485 568 1538 auditorem
579 1485 650 1554 repit
661 1491 695 1552 et,
707 1501 766 1553 quae

137 1554 265 1623 Desperat
276 1560 390 1607 traotma
402 1555 528 1606 nitescere
540 1571 620 1622 posse,
632 1554 766 1622 relinquit,
874 1554 922 1604 150

137 1625 224 1692 Atque
236 1624 275 1675 ita
286 1624 422 1690 mentitur,
435 1623 472 1676 sic
484 1624 551 1676 veris
563 1623 630 1676 falsa
641 1624 769 1690 remiscct,

137 1691 226 1745 Primo
237 1708 271 1745 ne
282 1693 404 1760 medium,
417 1692 503 1745 medio
516 1709 549 1744 ne
561 1693 689 1760 discrepet
701 1693 792 1746 imum.

138 1761 185 1830 Tu,
198 1762 261 1830 quid
273 1777 320 1830 ego
332 1768 358 1814 et
370 1761 481 1830 populus
492 1779 596 1814 meeum
608 1761 743 1829 desideret,
755 1762 833 1815 audi:

138 1831 167 1885 Si
179 1831 305 1900 plausoris
316 1848 376 1898 eges
388 1830 472 1883 aulaea
483 1832 614 1884 manentis
627 1836 653 1883 et
664 1847 747 1899 usque

139 1901 246 1969 Sessuri,
260 1901 340 1954 donec
352 1905 450 1966 cantor,
463 1898 538 1950 “Vos
550 1897 691 1966 plaudite,”
704 1898 783 1965 dicat,

139 1966 238 2020 AEtatis
250 1967 375 2035 cujusque
387 1966 496 2018 notandi
509 1974 571 2018 sunt
583 1966 632 2019 tibi
644 1983 735 2034 mores,

140 2035 332 2104 Mobilibusque
344 2035 419 2088 decor
430 2036 532 2088 naturis
544 2035 646 2088 dandus
658 2042 685 2088 et
696 2037 781 2090 annis.
934 2047 935 2124 q

141 2105 257 2158 Reddere
269 2105 316 2174 qui
327 2121 402 2159 voces
410 2105 467 2172 jam
480 2105 529 2157 scit
541 2122 606 2173 puer
617 2111 645 2157 et
657 2105 722 2172 pede
734 2114 806 2159 certo
934 2129 935 2202 q

140 2174 168 2228 Si
206 2181 234 2228 at
246 2175 363 2242 humum,
376 2175 457 2241 gestit
469 2174 574 2242 paribus
586 2174 715 2226 colludere
727 2183 755 2227 et
767 2176 837 2228 iram

141 2243 176 2296 Co
186 2244 246 2312 ligit
258 2261 288 2296 ao
300 2244 374 2312 ponit
386 2251 483 2296 temere
494 2249 521 2296 et
533 2249 653 2296 mutatur
663 2243 692 2296 in
704 2243 788 2298 horas.
882 2211 935 2292 ltbl

143 2311 268 2365 imberbis
276 2313 381 2382 juvenis
393 2313 499 2366 tandem
512 2312 618 2365 custode
629 2319 728 2365 remoto
934 2295 935 2368 l

142 2381 245 2434 Gaudet
257 2383 330 2450 equis
342 2381 500 2450 canibusque
513 2388 540 2434 ot
551 2382 634 2451 aprici
645 2381 764 2450 grandne
776 2382 868 2452 campi
875 2399 883 2446 ;
934 2379 935 2448 l

142 2450 236 2502 Cereus
248 2450 276 2502 in
289 2451 384 2503 vitium
396 2451 473 2517 flecti,
485 2451 657 2504 monitoribus
669 2467 751 2520 asper,

143 2517 256 2570 Utilium
268 2520 359 2570 tardus
371 2521 493 2587 provisor,
505 2520 629 2588 prodigus
641 2521 707 2588 aeris,

142 2583 266 2638 Sublimis
279 2586 440 2654 cupidusque
451 2595 478 2640 et
489 2595 578 2640 amate
587 2589 735 2658 relinquere
746 2591 854 2660 pernix.
932 2619 933 2626 1

445 2678 454 2704 ἱ
468 2675 542 2714 reterre
551 2675 625 2726 pedem
