1866 2874
106 119 157 171 110
418 113 572 166 ΗΟΒΑΤΙΙ

138 218 180 273 Ne
191 219 260 272 foret
271 218 384 288 aquales
395 219 466 273 inter
477 219 594 287 conviva,
605 219 691 290 magis
704 237 781 290 qnem

174 288 303 356 Diligeret
314 289 409 341 mulier
421 306 469 342 sua
480 307 559 357 quam
572 297 606 342 te.

141 357 163 410 0
175 373 223 425 ego
235 375 288 409 non
300 357 373 424 felix,
386 375 466 426 quam
478 365 508 410 tu
520 359 598 424 fugis,
611 364 641 410 ut
653 363 732 427 pavet
743 374 817 411 acres

174 427 253 494 Agna
264 426 340 495 lupos
352 443 503 496 capreaeque
514 426 602 478 leones
609 427 635 482 !'’

280 591 432 647 GARMEN
450 592 601 646 XIII.-s1>
614 559 728 648 aurcos..

107 693 244 748 Horam
256 699 398 763 tempestas
410 694 506 747 coelum
517 695 650 747 contraxit
662 699 689 747 et
700 692 797 747 imbres

141 764 272 832 Nivesque
284 763 418 816 deducunt
430 764 538 827 Jovem;
556 780 628 816 nuno
638 781 719 830 mare,
729 779 802 816 nunc
815 761 891 816 silua

107 831 228 886 uhreleio
240 833 370 902 Aquilone
382 839 482 886 sonant
519 833 668 914 Rapiamus,
680 831 766 900 amici,

143 903 311 955 Occasionem
323 901 355 953 de
367 901 418 967 die,
430 902 546 967 dumque
558 906 645 954 virent
657 918 744 968 genua

107 969 144 1023 llt
156 971 237 1036 decet,
250 971 363 1022 obducta
375 970 491 1023 solvatur
502 971 588 1022 fronte
601 977 727 1022 senectus.

143 1039 183 1092 Tu
195 1039 258 1091 vina
270 1038 399 1106 Torquato
411 1056 486 1100 more
498 1039 603 1092 consule
614 1055 703 1107 pressa
713 1055 779 1092 meo.

109 1107 201 1162 Cetera
212 1108 289 1159 mitte
300 1107 387 1175 loqui:
405 1108 477 1161 Deus
489 1110 546 1161 haec
557 1109 667 1160 fortasse
678 1106 795 1174 benigna

144 1177 262 1228 Reducet
274 1177 303 1228 in
315 1177 402 1228 sedem
414 1178 477 1230 vioe.
513 1177 592 1229 Nunc
604 1184 631 1229 et
643 1176 812 1228 Achaemenio

109 1245 237 1298 Perlundi
249 1246 331 1299 nardo
339 1248 419 1315 juvat
431 1253 458 1298 et
469 1247 521 1298 fide
534 1246 658 1314 Cyllenea

144 1314 243 1367 Levare
255 1315 318 1366 diris
331 1321 435 1383 pectora
448 1313 681 1374 sollicitudinibus3
870 1313 904 1363 10
930 1363 931 1366 ,

109 1382 212 1437 Nobilis
224 1389 255 1436 ut
267 1385 361 1451 grandi
373 1383 469 1436 cecinit
482 1385 628 1437 Centaurus
641 1383 763 1438 alumno:

129 1453 255 1516 “invicte,
269 1450 387 1505 mortalis
397 1453 454 1506 Dea
465 1459 527 1505 nate
539 1470 605 1522 puer
617 1453 735 1518 Thetide,

110 1520 147 1574 Te
158 1527 251 1580 manet¹
260 1522 380 1574 Assaraci
392 1523 478 1588 tellus,
491 1540 570 1590 quam
583 1522 679 1588 frigida
691 1521 768 1589 parvi

146 1589 265 1641 llindunt
278 1589 430 1643 Scamandri
442 1591 559 1655 flumina,
571 1591 688 1643 lubricus
700 1595 728 1642 et
740 1589 839 1642 Simois
846 1607 854 1654 ;

111 1656 189 1711 Unde
201 1657 251 1709 tibi
262 1659 377 1712 reditum
389 1667 459 1712 certo
473 1658 618 1712 subtemine
631 1660 720 1711 Parcae
928 1635 929 1720 l

147 1725 258 1795 Rupere,
270 1744 319 1780 ncc
331 1735 416 1781 mater
427 1729 535 1780 domum
547 1729 643 1780 caerula
655 1735 681 1780 te
693 1727 810 1782 revehet.

112 1794 172 1849 lllic
184 1812 261 1848 omne
273 1797 372 1849 malum
384 1797 445 1849 vino
457 1805 589 1864 cantuque
601 1798 696 1862 levato,

146 1864 277 1918 Deformis
289 1867 446 1934 aegrimonia
459 1866 580 1918 dulcibus
592 1863 739 1934 alloquiis.’'

253 2048 402 2103 GARMEN
420 2049 566 2102 XIV.-sn
579 2063 768 2102 amanuncus.

183 2159 291 2213 Moerus
303 2160 400 2212 inertia
412 2176 459 2211 cur
471 2164 574 2212 tantam
587 2159 723 2212 diffuderit
735 2158 797 2210 imis

219 2229 383 2282 Oblivionem
395 2229 520 2294 sensibus,

184 2296 283 2349 Pocula
295 2297 413 2348 Lethaeos
425 2303 457 2349 ut
469 2298 491 2349 si
503 2297 628 2350 ducentia
640 2313 743 2348 somnos

219 2365 318 2414 Arente
329 2365 405 2414 fauce
417 2366 550 2429 traxerim,

187 2429 302 2480 (landide
314 2430 451 2496 Maecenas,
464 2434 560 2484 occidis
573 2449 642 2501 serpe
654 2433 786 2500 rogando:

220 2494 300 2559 Deus,
311 2495 382 2546 Deus
394 2514 456 2549 nam
468 2516 510 2551 me
523 2507 596 2552 vetat

187 2560 250 2612 Ince
269 2565 316 2625 tos,
328 2561 391 2612 olim
402 2567 558 2629 promissum
570 2585 683 2636 carmen,
695 2567 798 2621 iambos

221 2577 268 2679 Al
277 2627 430 2680 umbilicum
442 2631 578 2688 adducere.
