1908 2886
115 127 165 178 196
428 128 580 184 nonnuli

111 228 228 298 Detinet,
240 248 385 295 essuriem
402 231 473 285 loeus
485 239 524 284 est
536 238 563 284 et
575 233 693 302 pluribus
705 233 818 299 umbris;

111 297 163 351 Sed
174 299 252 353 nimis
264 307 337 354 urctn
349 308 472 371 premunt
484 301 559 354 olidae
572 303 691 355 convivio
703 321 795 372 ceprse.

111 367 159 436 i'u,
171 375 267 438 quotus
280 387 334 422 esse
346 371 417 437 velis,
429 371 540 424 rescribe
553 378 580 424 et
591 372 669 424 rebus
681 373 782 425 omissis
869 379 903 427 30

110 436 188 492 Atria
200 445 347 492 muntem
359 439 458 509 postico
469 441 533 494 fodio
545 441 674 494 clientem.

255 619 433 677 EPISTOLA
451 623 573 676 VL-sn
587 637 740 675 nuurcruu.

109 721 136 776 N
136 738 166 775 111
177 722 301 778 adunari
312 740 393 794 prope
404 741 445 776 res
457 729 496 778 est
508 741 569 793 unn,
581 723 695 792 Numici,
754 779 755 782 ,

109 791 229 862 soleque,
241 811 301 864 qure
313 795 394 864 possit
405 794 491 846 fecere
503 800 531 846 et
542 811 643 848 servare
655 793 770 848 beatum.

110 860 191 915 Hunc
202 863 282 916 solem
294 870 321 917 et
333 863 421 916 stelles
434 869 461 916 et
474 862 627 916 decedentia
638 864 716 916 certis

109 930 237 1000 Tempore
247 933 386 986 momentis
398 940 460 985 sunt
472 933 518 1000 qui
529 932 669 985 formidine
680 931 756 986 nulle

110 999 210 1054 Imbuti
222 1009 354 1071 spectent:
372 1003 436 1070 quid
447 1018 535 1054 censes
546 1019 655 1054 munere
666 1006 751 1068 terrie,

110 1069 180 1134 Quid
191 1072 270 1124 meris
282 1077 411 1124 extremos
423 1071 523 1124 Arabes
535 1070 645 1124 ditantis
657 1077 685 1123 et
698 1071 784 1138 Indos,

109 1138 221 1193 Ludicre
233 1141 305 1210 quid,
317 1139 424 1210 plausus
436 1146 463 1193 et
475 1140 553 1192 amici
564 1141 634 1194 done
646 1140 762 1207 Quiritis,

109 1207 167 1272 Quo
179 1210 321 1278 spectando
332 1210 415 1277 modo,
428 1226 480 1278 quo
492 1227 569 1262 sensu
581 1210 664 1262 credis
677 1215 703 1261 et
715 1209 776 1263 orei

109 1277 161 1341 Qui
172 1279 249 1332 timet
260 1280 301 1332 his
313 1278 428 1347 adverse,
440 1280 495 1331 fere
506 1279 619 1332 miretur
630 1278 728 1346 eodem,

109 1347 166 1412 Quo
178 1349 284 1418 cupiens
296 1355 388 1418 pecto;
405 1365 486 1417 pevor
498 1355 538 1400 est
549 1347 687 1417 utrobique
698 1347 833 1420 molestus,
865 1355 896 1404 10

108 1416 253 1486 fflprovisu
265 1419 343 1470 simul
355 1419 451 1486 species
463 1423 577 1470 exterret
589 1422 739 1486 utrumque

108 1486 228 1540 Gaudeat
239 1505 274 1540 nn
286 1487 380 1554 doleat,
393 1487 483 1556 cupiet
494 1491 637 1554 metuetne,
650 1486 713 1555 quid
725 1485 760 1540 ed
771 1505 835 1557 rem,

108 1554 143 1621 si,
156 1555 283 1624 quidquid
295 1556 363 1608 vidit
374 1557 468 1609 melius
479 1557 586 1625 pejusre
598 1573 646 1608 sue
657 1573 709 1624 spe,

107 1622 207 1676 Defixis
219 1625 300 1677 oculis
313 1626 450 1694 animoque
462 1631 489 1678 et
501 1642 606 1694 corpore
618 1623 721 1694 torpeti

107 1692 198 1746 Insani
210 1695 312 1762 sepiens
325 1696 506 1761 uomentem,
519 1711 608 1762 aequus
619 1693 711 1762 iniqui,

107 1763 185 1816 Ultro.
197 1773 281 1833 quem'
289 1764 351 1818 setis
364 1770 403 1817 est
415 1765 542 1817 virtutem
554 1762 576 1814 si
587 1768 662 1831 petet
673 1763 764 1832 ipsum.

108 1831 122 1884 Ι
134 1849 211 1900 nunc,
223 1840 361 1902 ungentum
370 1839 401 1886 'et
411 1850 525 1886 mer-mor
536 1837 611 1885 vetus
624 1849 726 1900 aeraque
738 1841 765 1885 et
777 1838 847 1886 ertes

107 1902 222 1972 Suspice,
235 1921 295 1956 cum
307 1903 416 1971 gemmis
428 1903 519 1972 Tyrios
530 1903 625 1954 muare
637 1901 747 1964 colores;

107 1973 205 2041 Gaude,
218 1973 287 2043 quod
300 1977 419 2042 spectent
431 1973 501 2025 oculi
512 1978 540 2024 te
550 1971 623 2023 mille
635 1971 800 2039 loquentem

107 2043 213 2096 Gnarus
224 2061 302 2096 mene
312 2043 398 2096 forum
410 2047 437 2094 et
449 2041 612 2110 vespertinus
624 2047 684 2110 pete
696 2045 805 2109 tectum,
859 2045 894 2094 20

106 2111 149 2164 Ne
160 2113 220 2182 plus
231 2112 358 2166 frumenti
370 2110 500 2164 dotalibus
512 2115 610 2163 emetat
622 2110 690 2178 egris

106 2179 199 2234 Mutus
210 2187 245 2250 et,
257 2183 404 2250 indignum,
417 2181 486 2250 quod
499 2181 534 2232 sit
546 2179 675 2248 pejoribus
688 2183 767 2247 ortus,

106 2249 159 2302 Hie
170 2251 220 2303 tibi
233 2252 267 2306 sit
297 2253 364 2305 otius
376 2268 455 2320 quem
466 2257 499 2302 tu
509 2249 636 2302 mirabilis
648 2247 695 2300 illi.

106 2319 238 2388 Quidquid
250 2271 378 2374 subterra
390 2326 436 2387 est,
448 2321 477 2372 in
489 2319 607 2388 epricum
618 2317 732 2386 proferet
744 2325 822 2381 etan

104 2389 227 2443 Deiodiet
239 2390 384 2458 condetque
395 2389 515 2442 nitentia.
552 2387 640 2452 Quum
652 2387 717 2439 bene
728 2394 824 2440 notum

105 2456 224 2511 Porticus
235 2459 358 2526 Agrippae
370 2465 397 2511 et
409 2459 453 2510 rie
464 2464 491 2510 te
503 2455 666 2525 conspexerit
678 2456 758 2524 Appi,

105 2525 147 2577 're
159 2532 248 2578 temen
259 2532 348 2592 restet,
360 2527 448 2579 Nume
460 2543 511 2594 quo
524 2525 629 2578 devenit
642 2531 669 2577 et
681 2525 778 2579 Ancus.

144 2592 214 2644 'ntus
226 2598 273 2644 eut
284 2609 358 2645 renes
368 2595 457 2646 morbo
469 2600 607 2647 tententur
618 2600 702 2661 acuto,

159 2677 197 2713 ere
208 2661 299 2728 fugem
310 2661 399 2712 morbi.
435 2663 482 2714 Vis
493 2671 563 2718 recte
575 2663 675 2717 virere:
693 2663 752 2732 quis
764 2663 837 2718 noni
