<?xml version="1.0" encoding="UTF-8"?>
<!DOCTYPE html PUBLIC "-//W3C//DTD XHTML 1.0 Transitional//EN"
    "http://www.w3.org/TR/xhtml1/DTD/xhtml1-transitional.dtd">
<html xmlns="http://www.w3.org/1999/xhtml" xml:lang="en" lang="en">
 <head>
  <title>
</title>
<meta http-equiv="Content-Type" content="text/html;charset=utf-8" />
  <meta name='ocr-system' content='tesseract 3.04.00' />
  <meta name='ocr-capabilities' content='ocr_page ocr_carea ocr_par ocr_line ocrx_word'/>
</head>
<body>
  <div class='ocr_page' id='page_1' title='image "./qhoratiiflaccio02horagoog_0203.png"; bbox 0 0 1908 2886; ppageno 0'>
   <div class='ocr_carea' id='block_1_1' title="bbox 121 76 583 132">
    <p class='ocr_par' dir='ltr' id='par_1_1' title="bbox 121 76 583 132">
     <span class='ocr_line' id='line_1_1' title="bbox 121 76 583 132; baseline 0.006 -7"><span class='ocrx_word' id='word_1_1' title='bbox 121 76 170 128; x_wconf 78' lang='lat'><strong>178</strong></span> <span class='ocrx_word' id='word_1_2' title='bbox 429 77 583 132; x_wconf 76' lang='lat' dir='ltr'>HORATII</span> 
     </span>
    </p>
   </div>
   <div class='ocr_carea' id='block_1_2' title="bbox 411 280 602 335">
    <p class='ocr_par' dir='ltr' id='par_1_2' title="bbox 411 280 602 335">
     <span class='ocr_line' id='line_1_2' title="bbox 411 280 602 335; baseline -0.01 0"><span class='ocrx_word' id='word_1_3' title='bbox 411 280 537 335; x_wconf 72' lang='lat' dir='ltr'><strong>saulae</strong></span> <span class='ocrx_word' id='word_1_4' title='bbox 556 281 602 334; x_wconf 88' lang='lat' dir='ltr'><strong>VI.</strong></span> 
     </span>
    </p>
   </div>
   <div class='ocr_carea' id='block_1_3' title="bbox 117 390 952 2668">
    <p class='ocr_par' dir='ltr' id='par_1_3' title="bbox 118 390 804 458">
     <span class='ocr_line' id='line_1_3' title="bbox 118 390 804 458; baseline -0.003 -14"><span class='ocrx_word' id='word_1_5' title='bbox 118 391 179 444; x_wconf 88' lang='lat' dir='ltr'><strong>Hoo</strong></span> <span class='ocrx_word' id='word_1_6' title='bbox 190 397 247 444; x_wconf 89' lang='lat' dir='ltr'><strong>erat</strong></span> <span class='ocrx_word' id='word_1_7' title='bbox 258 391 286 442; x_wconf 92' lang='lat' dir='ltr'><strong>in</strong></span> <span class='ocrx_word' id='word_1_8' title='bbox 299 391 380 443; x_wconf 79' lang='lat' dir='ltr'><strong>votis:</strong></span> <span class='ocrx_word' id='word_1_9' title='bbox 397 390 490 443; x_wconf 87' lang='lat' dir='ltr'><strong>modus</strong></span> <span class='ocrx_word' id='word_1_10' title='bbox 502 391 558 458; x_wconf 82' lang='lat' dir='ltr'><strong>egri</strong></span> <span class='ocrx_word' id='word_1_11' title='bbox 570 408 622 443; x_wconf 91' lang='lat' dir='ltr'><strong>non</strong></span> <span class='ocrx_word' id='word_1_12' title='bbox 635 390 674 442; x_wconf 86' lang='lat' dir='ltr'><strong>ita</strong></span> <span class='ocrx_word' id='word_1_13' title='bbox 685 407 804 458; x_wconf 81' lang='lat' dir='ltr'><strong>magnus,</strong></span> 
     </span>
    </p>

    <p class='ocr_par' dir='ltr' id='par_1_4' title="bbox 118 459 749 529">
     <span class='ocr_line' id='line_1_4' title="bbox 118 459 749 529; baseline -0.006 -14"><span class='ocrx_word' id='word_1_14' title='bbox 118 460 218 515; x_wconf 85' lang='lat' dir='ltr'><strong>Hortus</strong></span> <span class='ocrx_word' id='word_1_15' title='bbox 230 459 276 512; x_wconf 90' lang='lat' dir='ltr'><strong>ubi</strong></span> <span class='ocrx_word' id='word_1_16' title='bbox 288 467 315 512; x_wconf 88' lang='lat' dir='ltr'><strong>et</strong></span> <span class='ocrx_word' id='word_1_17' title='bbox 326 466 397 512; x_wconf 82' lang='lat' dir='ltr'><strong>teoto</strong></span> <span class='ocrx_word' id='word_1_18' title='bbox 409 460 510 513; x_wconf 83' lang='lat' dir='ltr'><strong>vicinus</strong></span> <span class='ocrx_word' id='word_1_19' title='bbox 519 461 591 528; x_wconf 82' lang='lat' dir='ltr'><strong>jugis</strong></span> <span class='ocrx_word' id='word_1_20' title='bbox 604 477 679 529; x_wconf 80' lang='lat' dir='ltr'><strong>aquae</strong></span> <span class='ocrx_word' id='word_1_21' title='bbox 691 461 749 511; x_wconf 87' lang='lat' dir='ltr'><strong>fons</strong></span> 
     </span>
    </p>

    <p class='ocr_par' dir='ltr' id='par_1_5' title="bbox 117 529 838 599">
     <span class='ocr_line' id='line_1_5' title="bbox 117 529 838 599; baseline -0.001 -16"><span class='ocrx_word' id='word_1_22' title='bbox 117 529 153 584; x_wconf 82' lang='lat' dir='ltr'><strong>Iit</strong></span> <span class='ocrx_word' id='word_1_23' title='bbox 165 529 284 599; x_wconf 85' lang='lat' dir='ltr'><strong>paullum</strong></span> <span class='ocrx_word' id='word_1_24' title='bbox 296 529 368 581; x_wconf 72' lang='lat' dir='ltr'><strong>silvae</strong></span> <span class='ocrx_word' id='word_1_25' title='bbox 381 547 459 598; x_wconf 86' lang='lat' dir='ltr'><strong>super</strong></span> <span class='ocrx_word' id='word_1_26' title='bbox 470 529 511 582; x_wconf 87' lang='lat' dir='ltr'><strong>his</strong></span> <span class='ocrx_word' id='word_1_27' title='bbox 523 531 597 582; x_wconf 86' lang='lat' dir='ltr'><strong>foret.</strong></span> <span class='ocrx_word' id='word_1_28' title='bbox 632 529 743 581; x_wconf 84' lang='lat' dir='ltr'><strong>Auctius</strong></span> <span class='ocrx_word' id='word_1_29' title='bbox 755 535 838 597; x_wconf 88' lang='lat' dir='ltr'><strong>atque</strong></span> 
     </span>
    </p>

    <p class='ocr_par' dir='ltr' id='par_1_6' title="bbox 117 598 795 667">
     <span class='ocr_line' id='line_1_6' title="bbox 117 598 795 667; baseline -0.003 -15"><span class='ocrx_word' id='word_1_30' title='bbox 117 598 154 652; x_wconf 88' lang='lat' dir='ltr'><strong>Di</strong></span> <span class='ocrx_word' id='word_1_31' title='bbox 167 599 260 652; x_wconf 86' lang='lat' dir='ltr'><strong>melius</strong></span> <span class='ocrx_word' id='word_1_32' title='bbox 271 598 361 652; x_wconf 81' lang='lat' dir='ltr'><strong>fenera</strong></span> <span class='ocrx_word' id='word_1_33' title='bbox 397 598 468 651; x_wconf 88' lang='lat' dir='ltr'><strong>Bene</strong></span> <span class='ocrx_word' id='word_1_34' title='bbox 480 605 526 651; x_wconf 88' lang='lat' dir='ltr'><strong>est</strong></span> <span class='ocrx_word' id='word_1_35' title='bbox 561 599 607 651; x_wconf 82' lang='lat' dir='ltr'><strong>Nil</strong></span> <span class='ocrx_word' id='word_1_36' title='bbox 619 598 733 667; x_wconf 85' lang='lat' dir='ltr'><strong>amplius</strong></span> <span class='ocrx_word' id='word_1_37' title='bbox 743 616 795 665; x_wconf 85' lang='lat' dir='ltr'><strong>oro,</strong></span> 
     </span>
    </p>

    <p class='ocr_par' dir='ltr' id='par_1_7' title="bbox 118 667 856 736">
     <span class='ocr_line' id='line_1_7' title="bbox 118 667 856 736; baseline 0.003 -16"><span class='ocrx_word' id='word_1_38' title='bbox 118 667 191 720; x_wconf 84' lang='lat' dir='ltr'><strong>Maia</strong></span> <span class='ocrx_word' id='word_1_39' title='bbox 202 675 272 735; x_wconf 87' lang='lat' dir='ltr'><strong>nate,</strong></span> <span class='ocrx_word' id='word_1_40' title='bbox 284 669 335 720; x_wconf 90' lang='lat' dir='ltr'><strong>nisi</strong></span> <span class='ocrx_word' id='word_1_41' title='bbox 348 673 379 720; x_wconf 88' lang='lat' dir='ltr'><strong>ut</strong></span> <span class='ocrx_word' id='word_1_42' title='bbox 391 669 495 736; x_wconf 86' lang='lat' dir='ltr'><strong>propria</strong></span> <span class='ocrx_word' id='word_1_43' title='bbox 506 668 563 720; x_wconf 86' lang='lat' dir='ltr'><strong>haee</strong></span> <span class='ocrx_word' id='word_1_44' title='bbox 574 669 641 720; x_wconf 88' lang='lat' dir='ltr'><strong>mihi</strong></span> <span class='ocrx_word' id='word_1_45' title='bbox 652 684 762 720; x_wconf 89' lang='lat' dir='ltr'><strong>munera</strong></span> <span class='ocrx_word' id='word_1_46' title='bbox 773 669 856 723; x_wconf 81' lang='lat' dir='ltr'><strong>faxis.</strong></span> 
     </span>
    </p>

    <p class='ocr_par' dir='ltr' id='par_1_8' title="bbox 119 736 704 807">
     <span class='ocr_line' id='line_1_8' title="bbox 119 736 704 807; baseline -0.003 -17"><span class='ocrx_word' id='word_1_47' title='bbox 119 736 148 790; x_wconf 81' lang='lat' dir='ltr'><strong>si</strong></span> <span class='ocrx_word' id='word_1_48' title='bbox 159 753 243 807; x_wconf 88' lang='lat' dir='ltr'><strong>neque</strong></span> <span class='ocrx_word' id='word_1_49' title='bbox 254 740 379 806; x_wconf 83' lang='lat' dir='ltr'><strong>majorem</strong></span> <span class='ocrx_word' id='word_1_50' title='bbox 390 738 441 790; x_wconf 83' lang='lat' dir='ltr'><strong>ieci</strong></span> <span class='ocrx_word' id='word_1_51' title='bbox 453 737 554 790; x_wconf 87' lang='lat' dir='ltr'><strong>ratione</strong></span> <span class='ocrx_word' id='word_1_52' title='bbox 565 738 636 790; x_wconf 78' lang='lat' dir='ltr'><strong>mela</strong></span> <span class='ocrx_word' id='word_1_53' title='bbox 648 755 704 790; x_wconf 89' lang='lat' dir='ltr'><strong>rem</strong></span> 
     </span>
    </p>

    <p class='ocr_par' dir='ltr' id='par_1_9' title="bbox 118 805 729 875">
     <span class='ocr_line' id='line_1_9' title="bbox 118 805 729 875; baseline -0.002 -16"><span class='ocrx_word' id='word_1_54' title='bbox 118 805 174 860; x_wconf 83' lang='lat' dir='ltr'><strong>Nee</strong></span> <span class='ocrx_word' id='word_1_55' title='bbox 186 824 245 860; x_wconf 83' lang='lat' dir='ltr'><strong>sum</strong></span> <span class='ocrx_word' id='word_1_56' title='bbox 255 807 374 860; x_wconf 83' lang='lat' dir='ltr'><strong>facturus</strong></span> <span class='ocrx_word' id='word_1_57' title='bbox 387 807 452 859; x_wconf 83' lang='lat' dir='ltr'><strong>vitio</strong></span> <span class='ocrx_word' id='word_1_58' title='bbox 465 807 575 875; x_wconf 79' lang='lat' dir='ltr'>culpave</span> <span class='ocrx_word' id='word_1_59' title='bbox 586 807 729 870; x_wconf 71' lang='lat' dir='ltr'><strong>minorem</strong></span> 
     </span>
    </p>

    <p class='ocr_par' dir='ltr' id='par_1_10' title="bbox 118 872 870 1014">
     <span class='ocr_line' id='line_1_10' title="bbox 119 872 870 942; baseline 0 -14"><span class='ocrx_word' id='word_1_60' title='bbox 119 872 148 928; x_wconf 79' lang='lat' dir='ltr'><strong>si</strong></span> <span class='ocrx_word' id='word_1_61' title='bbox 159 894 267 930; x_wconf 85' lang='lat' dir='ltr'><strong>veneror</strong></span> <span class='ocrx_word' id='word_1_62' title='bbox 279 877 376 930; x_wconf 90' lang='lat' dir='ltr'><strong>stultus</strong></span> <span class='ocrx_word' id='word_1_63' title='bbox 388 876 455 928; x_wconf 86' lang='lat' dir='ltr'>nihil</span> <span class='ocrx_word' id='word_1_64' title='bbox 468 875 562 928; x_wconf 88' lang='lat' dir='ltr'><strong>horum</strong></span> <span class='ocrx_word' id='word_1_65' title='bbox 574 895 580 928; x_wconf 91' lang='lat'>:</span> <span class='ocrx_word' id='word_1_66' title='bbox 599 877 614 902; x_wconf 90' lang='lat'><strong>“</strong></span> <span class='ocrx_word' id='word_1_67' title='bbox 625 875 646 928; x_wconf 94' lang='lat'>0</span> <span class='ocrx_word' id='word_1_68' title='bbox 659 876 681 927; x_wconf 88' lang='lat' dir='ltr'><strong>si</strong></span> <span class='ocrx_word' id='word_1_69' title='bbox 693 874 808 942; x_wconf 78' lang='lat' dir='ltr'><strong>angulus</strong></span> <span class='ocrx_word' id='word_1_70' title='bbox 821 875 870 929; x_wconf 85' lang='lat' dir='ltr'><strong>ille</strong></span> 
     </span>
     <span class='ocr_line' id='line_1_11' title="bbox 118 942 844 1014; baseline 0.003 -20"><span class='ocrx_word' id='word_1_71' title='bbox 118 942 258 998; x_wconf 78' lang='lat' dir='ltr'><strong>Proximus</strong></span> <span class='ocrx_word' id='word_1_72' title='bbox 269 947 383 1012; x_wconf 81' lang='lat' dir='ltr'><strong>secedat,</strong></span> <span class='ocrx_word' id='word_1_73' title='bbox 396 945 441 1014; x_wconf 91' lang='lat' dir='ltr'><strong>qui</strong></span> <span class='ocrx_word' id='word_1_74' title='bbox 454 962 527 997; x_wconf 88' lang='lat' dir='ltr'><strong>nune</strong></span> <span class='ocrx_word' id='word_1_75' title='bbox 540 944 678 997; x_wconf 75' lang='lat' dir='ltr'>denormat</span> <span class='ocrx_word' id='word_1_76' title='bbox 689 943 806 1012; x_wconf 83' lang='lat' dir='ltr'><strong>agelium</strong></span> <span class='ocrx_word' id='word_1_77' title='bbox 819 947 844 997; x_wconf 87' lang='lat'><strong>!&#39;’</strong></span> 
     </span>
    </p>

    <p class='ocr_par' dir='ltr' id='par_1_11' title="bbox 118 1012 917 1152">
     <span class='ocr_line' id='line_1_12' title="bbox 118 1012 917 1092; baseline 0.003 -28"><span class='ocrx_word' id='word_1_78' title='bbox 118 1012 159 1064; x_wconf 86' lang='lat'><strong>“0</strong></span> <span class='ocrx_word' id='word_1_79' title='bbox 168 1015 190 1065; x_wconf 91' lang='lat' dir='ltr'><strong>si</strong></span> <span class='ocrx_word' id='word_1_80' title='bbox 197 1031 292 1092; x_wconf 78' lang='lat' dir='ltr'><strong>urnam</strong></span> <span class='ocrx_word' id='word_1_81' title='bbox 301 1016 404 1082; x_wconf 82' lang='lat' dir='ltr'><strong>argenti</strong></span> <span class='ocrx_word' id='word_1_82' title='bbox 412 1015 465 1066; x_wconf 82' lang='lat' dir='ltr'><strong>fors</strong></span> <span class='ocrx_word' id='word_1_83' title='bbox 474 1031 532 1082; x_wconf 85' lang='lat' dir='ltr'><strong>quae</strong></span> <span class='ocrx_word' id='word_1_84' title='bbox 541 1014 607 1066; x_wconf 91' lang='lat' dir='ltr'><strong>mihi</strong></span> <span class='ocrx_word' id='word_1_85' title='bbox 617 1019 756 1070; x_wconf 72' lang='lat' dir='ltr'><strong>monstret!</strong></span> <span class='ocrx_word' id='word_1_86' title='bbox 776 1022 808 1066; x_wconf 88' lang='lat' dir='ltr'><strong>ut</strong></span> <span class='ocrx_word' id='word_1_87' title='bbox 816 1013 867 1082; x_wconf 87' lang='lat' dir='ltr'><strong>illi,</strong></span> <span class='ocrx_word' id='word_1_88' title='bbox 884 1019 917 1066; x_wconf 90' lang='lat'><strong>10</strong></span> 
     </span>
     <span class='ocr_line' id='line_1_13' title="bbox 120 1079 718 1152; baseline 0.003 -18"><span class='ocrx_word' id='word_1_89' title='bbox 120 1079 252 1134; x_wconf 72' lang='lat' dir='ltr'><strong>uhaamo</strong></span> <span class='ocrx_word' id='word_1_90' title='bbox 263 1092 372 1134; x_wconf 77' lang='lat' dir='ltr'><strong>invento</strong></span> <span class='ocrx_word' id='word_1_91' title='bbox 384 1082 429 1149; x_wconf 92' lang='lat' dir='ltr'><strong>qui</strong></span> <span class='ocrx_word' id='word_1_92' title='bbox 441 1085 614 1135; x_wconf 75' lang='lat' dir='ltr'><strong>mercenarius</strong></span> <span class='ocrx_word' id='word_1_93' title='bbox 625 1101 718 1152; x_wconf 78' lang='lat' dir='ltr'><strong>ugrum</strong></span> 
     </span>
    </p>

    <p class='ocr_par' dir='ltr' id='par_1_12' title="bbox 119 1149 727 1218">
     <span class='ocr_line' id='line_1_14' title="bbox 119 1149 727 1218; baseline 0.005 -16"><span class='ocrx_word' id='word_1_94' title='bbox 119 1149 202 1202; x_wconf 91' lang='lat' dir='ltr'><strong>Illum</strong></span> <span class='ocrx_word' id='word_1_95' title='bbox 213 1150 301 1218; x_wconf 84' lang='lat' dir='ltr'><strong>ipsum</strong></span> <span class='ocrx_word' id='word_1_96' title='bbox 312 1159 442 1204; x_wconf 81' lang='lat' dir='ltr'><strong>mercatus</strong></span> <span class='ocrx_word' id='word_1_97' title='bbox 454 1153 546 1216; x_wconf 82' lang='lat' dir='ltr'><strong>aravit,</strong></span> <span class='ocrx_word' id='word_1_98' title='bbox 559 1153 631 1206; x_wconf 74' lang='lat' dir='ltr'><strong>dives</strong></span> <span class='ocrx_word' id='word_1_99' title='bbox 644 1155 727 1205; x_wconf 91' lang='lat' dir='ltr'><strong>amieo</strong></span> 
     </span>
    </p>

    <p class='ocr_par' dir='ltr' id='par_1_13' title="bbox 118 1217 908 1357">
     <span class='ocr_line' id='line_1_15' title="bbox 118 1217 908 1288; baseline 0 -18"><span class='ocrx_word' id='word_1_100' title='bbox 118 1217 233 1271; x_wconf 87' lang='lat' dir='ltr'><strong>Hercule</strong></span> <span class='ocrx_word' id='word_1_101' title='bbox 242 1217 266 1275; x_wconf 89' lang='lat'><strong>!&#39;&#39;</strong></span> <span class='ocrx_word' id='word_1_102' title='bbox 279 1217 316 1282; x_wconf 87' lang='lat' dir='ltr'><strong>si,</strong></span> <span class='ocrx_word' id='word_1_103' title='bbox 340 1219 391 1272; x_wconf 90' lang='lat' dir='ltr'><strong>uod</strong></span> <span class='ocrx_word' id='word_1_104' title='bbox 399 1219 908 1288; x_wconf 78' lang='lat' dir='ltr'><strong>adest,gratumjuvat‚hacpreoeteoro</strong></span> 
     </span>
     <span class='ocr_line' id='line_1_16' title="bbox 118 1236 765 1357; baseline 0.003 -18"><span class='ocrx_word' id='word_1_105' title='bbox 118 1285 221 1356; x_wconf 77' lang='lat' dir='ltr'><strong>Pingue</strong></span> <span class='ocrx_word' id='word_1_106' title='bbox 232 1303 311 1356; x_wconf 71' lang='lat' dir='ltr'><strong>pecus</strong></span> <span class='ocrx_word' id='word_1_107' title='bbox 322 1236 427 1340; x_wconf 81' lang='lat' dir='ltr'><strong>domino</strong></span> <span class='ocrx_word' id='word_1_108' title='bbox 439 1288 520 1340; x_wconf 83' lang='lat' dir='ltr'><strong>facias</strong></span> <span class='ocrx_word' id='word_1_109' title='bbox 532 1295 559 1340; x_wconf 93' lang='lat' dir='ltr'><strong>et</strong></span> <span class='ocrx_word' id='word_1_110' title='bbox 571 1295 658 1340; x_wconf 86' lang='lat' dir='ltr'><strong>cetera</strong></span> <span class='ocrx_word' id='word_1_111' title='bbox 669 1297 765 1357; x_wconf 81' lang='lat' dir='ltr'><strong>praeter</strong></span> 
     </span>
    </p>

    <p class='ocr_par' dir='ltr' id='par_1_14' title="bbox 119 1355 855 1424">
     <span class='ocr_line' id='line_1_17' title="bbox 119 1355 855 1424; baseline 0.007 -16"><span class='ocrx_word' id='word_1_112' title='bbox 119 1355 268 1424; x_wconf 79' lang='lat' dir='ltr'>Ingenium,</span> <span class='ocrx_word' id='word_1_113' title='bbox 280 1362 360 1424; x_wconf 90' lang='lat' dir='ltr'><strong>utque</strong></span> <span class='ocrx_word' id='word_1_114' title='bbox 373 1357 444 1422; x_wconf 85' lang='lat' dir='ltr'><strong>soles,</strong></span> <span class='ocrx_word' id='word_1_115' title='bbox 457 1363 543 1410; x_wconf 86' lang='lat' dir='ltr'><strong>eustos</strong></span> <span class='ocrx_word' id='word_1_116' title='bbox 555 1357 621 1409; x_wconf 87' lang='lat' dir='ltr'><strong>mihi</strong></span> <span class='ocrx_word' id='word_1_117' title='bbox 632 1359 762 1410; x_wconf 86' lang='lat' dir='ltr'><strong>maximus</strong></span> <span class='ocrx_word' id='word_1_118' title='bbox 775 1358 855 1414; x_wconf 84' lang='lat' dir='ltr'><strong>adsis.</strong></span> 
     </span>
    </p>

    <p class='ocr_par' dir='ltr' id='par_1_15' title="bbox 119 1423 870 1564">
     <span class='ocr_line' id='line_1_18' title="bbox 119 1423 870 1497; baseline 0.007 -21"><span class='ocrx_word' id='word_1_119' title='bbox 119 1423 188 1492; x_wconf 82' lang='lat' dir='ltr'><strong>Ergo</strong></span> <span class='ocrx_word' id='word_1_120' title='bbox 200 1425 246 1476; x_wconf 92' lang='lat' dir='ltr'><strong>ubi</strong></span> <span class='ocrx_word' id='word_1_121' title='bbox 257 1443 299 1478; x_wconf 84' lang='lat' dir='ltr'><strong>me</strong></span> <span class='ocrx_word' id='word_1_122' title='bbox 310 1425 339 1477; x_wconf 89' lang='lat' dir='ltr'><strong>in</strong></span> <span class='ocrx_word' id='word_1_123' title='bbox 351 1432 452 1477; x_wconf 87' lang='lat' dir='ltr'><strong>montes</strong></span> <span class='ocrx_word' id='word_1_124' title='bbox 464 1433 491 1478; x_wconf 85' lang='lat' dir='ltr'><strong>st</strong></span> <span class='ocrx_word' id='word_1_125' title='bbox 503 1427 531 1477; x_wconf 86' lang='lat' dir='ltr'><strong>in</strong></span> <span class='ocrx_word' id='word_1_126' title='bbox 543 1443 629 1478; x_wconf 84' lang='lat' dir='ltr'><strong>arcem</strong></span> <span class='ocrx_word' id='word_1_127' title='bbox 641 1444 674 1478; x_wconf 90' lang='lat' dir='ltr'><strong>ex</strong></span> <span class='ocrx_word' id='word_1_128' title='bbox 686 1427 751 1480; x_wconf 89' lang='lat' dir='ltr'><strong>urbe</strong></span> <span class='ocrx_word' id='word_1_129' title='bbox 762 1430 870 1497; x_wconf 82' lang='lat' dir='ltr'><strong>removi,</strong></span> 
     </span>
     <span class='ocr_line' id='line_1_19' title="bbox 120 1493 794 1564; baseline 0.006 -19"><span class='ocrx_word' id='word_1_130' title='bbox 120 1493 189 1556; x_wconf 83' lang='lat' dir='ltr'><strong>Quid</strong></span> <span class='ocrx_word' id='word_1_131' title='bbox 201 1494 273 1562; x_wconf 90' lang='lat' dir='ltr'><strong>prius</strong></span> <span class='ocrx_word' id='word_1_132' title='bbox 284 1494 415 1547; x_wconf 79' lang='lat' dir='ltr'><strong>illustrem</strong></span> <span class='ocrx_word' id='word_1_133' title='bbox 427 1496 514 1547; x_wconf 85' lang='lat' dir='ltr'><strong>satiris</strong></span> <span class='ocrx_word' id='word_1_134' title='bbox 525 1513 600 1548; x_wconf 86' lang='lat' dir='ltr'><strong>musa</strong></span> <span class='ocrx_word' id='word_1_135' title='bbox 618 1513 651 1547; x_wconf 90' lang='lat' dir='ltr'><strong>ue</strong></span> <span class='ocrx_word' id='word_1_136' title='bbox 663 1497 794 1564; x_wconf 78' lang='lat' dir='ltr'><strong>pedestrii</strong></span> 
     </span>
    </p>

    <p class='ocr_par' dir='ltr' id='par_1_16' title="bbox 118 1513 952 1980">
     <span class='ocr_line' id='line_1_20' title="bbox 118 1513 846 1633; baseline 0.007 -19"><span class='ocrx_word' id='word_1_137' title='bbox 118 1561 144 1615; x_wconf 87' lang='lat' dir='ltr'>N</span> <span class='ocrx_word' id='word_1_138' title='bbox 145 1578 174 1614; x_wconf 88' lang='lat' dir='ltr'><strong>eo</strong></span> <span class='ocrx_word' id='word_1_139' title='bbox 185 1561 256 1615; x_wconf 87' lang='lat' dir='ltr'><strong>mala</strong></span> <span class='ocrx_word' id='word_1_140' title='bbox 267 1580 309 1615; x_wconf 89' lang='lat' dir='ltr'><strong>me</strong></span> <span class='ocrx_word' id='word_1_141' title='bbox 320 1563 427 1616; x_wconf 75' lang='lat' dir='ltr'><strong>ambitio</strong></span> <span class='ocrx_word' id='word_1_142' title='bbox 473 1565 526 1616; x_wconf 84' lang='lat' dir='ltr'><strong>rdit</strong></span> <span class='ocrx_word' id='word_1_143' title='bbox 538 1581 586 1617; x_wconf 86' lang='lat' dir='ltr'><strong>nee</strong></span> <span class='ocrx_word' id='word_1_144' title='bbox 597 1513 735 1633; x_wconf 62' lang='lat' dir='ltr'><strong>piumbeus</strong></span> <span class='ocrx_word' id='word_1_145' title='bbox 747 1567 846 1620; x_wconf 83' lang='lat' dir='ltr'><strong>Auster</strong></span> 
     </span>
     <span class='ocr_line' id='line_1_21' title="bbox 119 1630 952 1702; baseline 0.005 -18"><span class='ocrx_word' id='word_1_146' title='bbox 119 1630 322 1700; x_wconf 69' lang='lat' dir='ltr'><strong>Autumnusque</strong></span> <span class='ocrx_word' id='word_1_147' title='bbox 334 1634 427 1700; x_wconf 68' lang='lat' dir='ltr'><strong>gravia</strong></span> <span class='ocrx_word' id='word_1_148' title='bbox 463 1634 563 1686; x_wconf 73' lang='lat' dir='ltr'><strong>‘bitinia</strong></span> <span class='ocrx_word' id='word_1_149' title='bbox 576 1641 690 1702; x_wconf 75' lang='lat' dir='ltr'><strong>quaestus</strong></span> <span class='ocrx_word' id='word_1_150' title='bbox 701 1635 807 1689; x_wconf 80' lang='lat' dir='ltr'><strong>acerbae.</strong></span> <span class='ocrx_word' id='word_1_151' title='bbox 951 1677 952 1680; x_wconf 18' lang='grc' dir='ltr'>ι</span> 
     </span>
     <span class='ocr_line' id='line_1_22' title="bbox 119 1699 914 1783; baseline 0.008 -30"><span class='ocrx_word' id='word_1_152' title='bbox 119 1699 254 1753; x_wconf 77' lang='lat' dir='ltr'><strong>Matutine</strong></span> <span class='ocrx_word' id='word_1_153' title='bbox 265 1708 347 1783; x_wconf 87' lang='lat' dir='ltr'><strong>pater,</strong></span> <span class='ocrx_word' id='word_1_154' title='bbox 360 1719 407 1754; x_wconf 90' lang='lat' dir='ltr'><strong>seu</strong></span> <span class='ocrx_word' id='word_1_155' title='bbox 418 1703 438 1756; x_wconf 89' lang='lat' dir='ltr'><strong>J</strong></span> <span class='ocrx_word' id='word_1_156' title='bbox 439 1720 488 1755; x_wconf 90' lang='lat' dir='ltr'><strong>ane</strong></span> <span class='ocrx_word' id='word_1_157' title='bbox 499 1703 625 1756; x_wconf 85' lang='lat' dir='ltr'><strong>libentius</strong></span> <span class='ocrx_word' id='word_1_158' title='bbox 637 1704 720 1770; x_wconf 87' lang='lat' dir='ltr'><strong>audis,</strong></span> <span class='ocrx_word' id='word_1_159' title='bbox 876 1711 914 1759; x_wconf 79' lang='lat'><strong>20</strong></span> 
     </span>
     <span class='ocr_line' id='line_1_23' title="bbox 120 1769 789 1842; baseline 0.006 -20"><span class='ocrx_word' id='word_1_160' title='bbox 120 1769 197 1823; x_wconf 86' lang='lat' dir='ltr'><strong>Unde</strong></span> <span class='ocrx_word' id='word_1_161' title='bbox 208 1771 325 1824; x_wconf 87' lang='lat' dir='ltr'><strong>hommes</strong></span> <span class='ocrx_word' id='word_1_162' title='bbox 337 1788 443 1839; x_wconf 87' lang='lat' dir='ltr'><strong>operum</strong></span> <span class='ocrx_word' id='word_1_163' title='bbox 473 1772 551 1824; x_wconf 90' lang='lat' dir='ltr'><strong>rimos</strong></span> <span class='ocrx_word' id='word_1_164' title='bbox 563 1773 677 1842; x_wconf 70' lang='lat' dir='ltr'><strong>vitaeque</strong></span> <span class='ocrx_word' id='word_1_165' title='bbox 688 1773 789 1826; x_wconf 88' lang='lat' dir='ltr'><strong>labores</strong></span> 
     </span>
     <span class='ocr_line' id='line_1_24' title="bbox 120 1790 951 1936; baseline 0.007 -44"><span class='ocrx_word' id='word_1_166' title='bbox 120 1840 269 1894; x_wconf 82' lang='lat' dir='ltr'><strong>Instituunt</strong></span> <span class='ocrx_word' id='word_1_167' title='bbox 280 1869 315 1880; x_wconf 93' lang='lat'>-</span> <span class='ocrx_word' id='word_1_168' title='bbox 327 1841 363 1892; x_wconf 90' lang='lat' dir='ltr'><strong>sie</strong></span> <span class='ocrx_word' id='word_1_169' title='bbox 376 1840 425 1893; x_wconf 87' lang='lat' dir='ltr'><strong>Dis</strong></span> <span class='ocrx_word' id='word_1_170' title='bbox 437 1790 564 1910; x_wconf 65' lang='lat' dir='ltr'><strong>piwitum</strong></span> <span class='ocrx_word' id='word_1_171' title='bbox 576 1872 618 1908; x_wconf 94' lang='lat'><strong>-‚</strong></span> <span class='ocrx_word' id='word_1_172' title='bbox 630 1851 661 1894; x_wconf 91' lang='lat' dir='ltr'><strong>tu</strong></span> <span class='ocrx_word' id='word_1_173' title='bbox 673 1843 795 1895; x_wconf 83' lang='lat' dir='ltr'><strong>carminis</strong></span> <span class='ocrx_word' id='word_1_174' title='bbox 809 1850 864 1898; x_wconf 82' lang='lat' dir='ltr'><strong>esto</strong></span> <span class='ocrx_word' id='word_1_175' title='bbox 950 1849 951 1936; x_wconf 54' lang='lat' dir='ltr'><strong>i</strong></span> 
     </span>
     <span class='ocr_line' id='line_1_25' title="bbox 119 1909 834 1980; baseline -0.003 -17"><span class='ocrx_word' id='word_1_176' title='bbox 119 1909 289 1978; x_wconf 84' lang='lat' dir='ltr'><strong>Principium</strong></span> <span class='ocrx_word' id='word_1_177' title='bbox 325 1909 413 1962; x_wconf 77' lang='lat' dir='ltr'><strong>Roma.</strong></span> <span class='ocrx_word' id='word_1_178' title='bbox 426 1927 574 1980; x_wconf 81' lang='lat' dir='ltr'><strong>sponsorem</strong></span> <span class='ocrx_word' id='word_1_179' title='bbox 585 1929 627 1964; x_wconf 89' lang='lat' dir='ltr'><strong>me</strong></span> <span class='ocrx_word' id='word_1_180' title='bbox 639 1913 716 1980; x_wconf 86' lang='lat' dir='ltr'><strong>repis.</strong></span> <span class='ocrx_word' id='word_1_181' title='bbox 751 1909 767 1940; x_wconf 89' lang='lat'>“</span> <span class='ocrx_word' id='word_1_182' title='bbox 775 1909 834 1978; x_wconf 64' lang='lat' dir='ltr'><strong>Ep,</strong></span> 
     </span>
    </p>

    <p class='ocr_par' dir='ltr' id='par_1_17' title="bbox 118 1979 950 2186">
     <span class='ocr_line' id='line_1_26' title="bbox 121 1979 950 2050; baseline 0.005 -18"><span class='ocrx_word' id='word_1_183' title='bbox 121 1979 162 2032; x_wconf 85' lang='lat' dir='ltr'><strong>Ne</strong></span> <span class='ocrx_word' id='word_1_184' title='bbox 173 1981 244 2050; x_wconf 85' lang='lat' dir='ltr'><strong>prior</strong></span> <span class='ocrx_word' id='word_1_185' title='bbox 255 1979 338 2032; x_wconf 87' lang='lat' dir='ltr'><strong>officio</strong></span> <span class='ocrx_word' id='word_1_186' title='bbox 350 1979 488 2047; x_wconf 85' lang='lat' dir='ltr'><strong>quisquam</strong></span> <span class='ocrx_word' id='word_1_187' title='bbox 499 1981 661 2049; x_wconf 79' lang='lat' dir='ltr'><strong>respondeat,</strong></span> <span class='ocrx_word' id='word_1_188' title='bbox 673 1999 745 2049; x_wconf 82' lang='lat' dir='ltr'><strong>urge</strong></span> <span class='ocrx_word' id='word_1_189' title='bbox 949 2023 950 2028; x_wconf 20' lang='grc' dir='ltr'>η</span> 
     </span>
     <span class='ocr_line' id='line_1_27' title="bbox 118 2033 950 2118; baseline 0.001 -16"><span class='ocrx_word' id='word_1_190' title='bbox 118 2048 180 2102; x_wconf 79' lang='lat' dir='ltr'><strong>Sive</strong></span> <span class='ocrx_word' id='word_1_191' title='bbox 191 2048 287 2118; x_wconf 84' lang='lat' dir='ltr'><strong>Aquilo</strong></span> <span class='ocrx_word' id='word_1_192' title='bbox 299 2048 369 2100; x_wconf 84' lang='lat' dir='ltr'><strong>radit</strong></span> <span class='ocrx_word' id='word_1_193' title='bbox 381 2054 463 2102; x_wconf 86' lang='lat' dir='ltr'><strong>torres</strong></span> <span class='ocrx_word' id='word_1_194' title='bbox 475 2066 521 2102; x_wconf 85' lang='lat' dir='ltr'><strong>seu</strong></span> <span class='ocrx_word' id='word_1_195' title='bbox 532 2050 625 2102; x_wconf 88' lang='lat' dir='ltr'><strong>bruma</strong></span> <span class='ocrx_word' id='word_1_196' title='bbox 637 2051 752 2103; x_wconf 84' lang='lat' dir='ltr'><strong>nivalem</strong></span> <span class='ocrx_word' id='word_1_197' title='bbox 949 2033 950 2112; x_wconf 72' lang='lat' dir='ltr'><strong>i</strong></span> 
     </span>
     <span class='ocr_line' id='line_1_28' title="bbox 119 2117 747 2186; baseline 0.006 -17"><span class='ocrx_word' id='word_1_198' title='bbox 119 2117 247 2172; x_wconf 85' lang='lat' dir='ltr'><strong>Interiore</strong></span> <span class='ocrx_word' id='word_1_199' title='bbox 258 2117 328 2170; x_wconf 88' lang='lat' dir='ltr'><strong>diem</strong></span> <span class='ocrx_word' id='word_1_200' title='bbox 339 2135 404 2186; x_wconf 80' lang='lat' dir='ltr'><strong>gyro</strong></span> <span class='ocrx_word' id='word_1_201' title='bbox 415 2117 506 2180; x_wconf 86' lang='lat' dir='ltr'><strong>trahit,</strong></span> <span class='ocrx_word' id='word_1_202' title='bbox 519 2118 558 2172; x_wconf 88' lang='lat' dir='ltr'><strong>ire</strong></span> <span class='ocrx_word' id='word_1_203' title='bbox 569 2136 672 2172; x_wconf 86' lang='lat' dir='ltr'><strong>neeesse</strong></span> <span class='ocrx_word' id='word_1_204' title='bbox 683 2123 747 2173; x_wconf 87' lang='lat' dir='ltr'><strong>est.’‘</strong></span> 
     </span>
    </p>

    <p class='ocr_par' dir='ltr' id='par_1_18' title="bbox 119 2186 949 2314">
     <span class='ocr_line' id='line_1_29' title="bbox 119 2186 949 2286; baseline 0.007 -48"><span class='ocrx_word' id='word_1_205' title='bbox 119 2186 258 2242; x_wconf 85' lang='lat' dir='ltr'><strong>Postmodo</strong></span> <span class='ocrx_word' id='word_1_206' title='bbox 270 2186 388 2254; x_wconf 88' lang='lat' dir='ltr'><strong>quodmi</strong></span> <span class='ocrx_word' id='word_1_207' title='bbox 400 2187 474 2255; x_wconf 88' lang='lat' dir='ltr'><strong>obsit,</strong></span> <span class='ocrx_word' id='word_1_208' title='bbox 487 2187 555 2240; x_wconf 82' lang='lat' dir='ltr'><strong>clere</strong></span> <span class='ocrx_word' id='word_1_209' title='bbox 567 2197 718 2257; x_wconf 82' lang='lat' dir='ltr'><strong>certumque</strong></span> <span class='ocrx_word' id='word_1_210' title='bbox 731 2190 818 2244; x_wconf 86' lang='lat' dir='ltr'><strong>locuto</strong></span> <span class='ocrx_word' id='word_1_211' title='bbox 948 2219 949 2286; x_wconf 40' lang='lat' dir='ltr'><strong>p</strong></span> 
     </span>
     <span class='ocr_line' id='line_1_30' title="bbox 119 2255 796 2314; baseline 0.009 -6"><span class='ocrx_word' id='word_1_212' title='bbox 119 2255 285 2309; x_wconf 81' lang='lat' dir='ltr'><strong>Luetandum</strong></span> <span class='ocrx_word' id='word_1_213' title='bbox 296 2256 326 2310; x_wconf 87' lang='lat' dir='ltr'><strong>in</strong></span> <span class='ocrx_word' id='word_1_214' title='bbox 336 2255 414 2308; x_wconf 90' lang='lat' dir='ltr'><strong>turba</strong></span> <span class='ocrx_word' id='word_1_215' title='bbox 426 2263 454 2309; x_wconf 89' lang='lat' dir='ltr'><strong>et</strong></span> <span class='ocrx_word' id='word_1_216' title='bbox 464 2256 586 2310; x_wconf 85' lang='lat' dir='ltr'><strong>facienda</strong></span> <span class='ocrx_word' id='word_1_217' title='bbox 597 2259 694 2312; x_wconf 85' lang='lat' dir='ltr'><strong>in‘uria</strong></span> <span class='ocrx_word' id='word_1_218' title='bbox 705 2259 796 2314; x_wconf 81' lang='lat' dir='ltr'><strong>tardis.</strong></span> 
     </span>
    </p>

    <p class='ocr_par' dir='ltr' id='par_1_19' title="bbox 119 2276 948 2518">
     <span class='ocr_line' id='line_1_31' title="bbox 119 2276 900 2400; baseline 0.014 -26"><span class='ocrx_word' id='word_1_219' title='bbox 119 2324 213 2387; x_wconf 79' lang='lat' dir='ltr'><strong>“Quid</strong></span> <span class='ocrx_word' id='word_1_220' title='bbox 224 2322 271 2385; x_wconf 76' lang='lat' dir='ltr'><strong>vis,</strong></span> <span class='ocrx_word' id='word_1_221' title='bbox 285 2323 384 2390; x_wconf 72' lang='lat' dir='ltr'><strong>meane,</strong></span> <span class='ocrx_word' id='word_1_222' title='bbox 395 2329 422 2375; x_wconf 88' lang='lat' dir='ltr'><strong>et</strong></span> <span class='ocrx_word' id='word_1_223' title='bbox 434 2341 498 2391; x_wconf 85' lang='lat' dir='ltr'><strong>quas</strong></span> <span class='ocrx_word' id='word_1_224' title='bbox 509 2341 550 2377; x_wconf 84' lang='lat' dir='ltr'><strong>ros</strong></span> <span class='ocrx_word' id='word_1_225' title='bbox 558 2276 652 2400; x_wconf 73' lang='lat' dir='ltr'><strong>agisi”</strong></span> <span class='ocrx_word' id='word_1_226' title='bbox 670 2325 804 2394; x_wconf 87' lang='lat' dir='ltr'><strong>improbus</strong></span> <span class='ocrx_word' id='word_1_227' title='bbox 816 2339 900 2399; x_wconf 77' lang='lat' dir='ltr'><strong>urget</strong></span> 
     </span>
     <span class='ocr_line' id='line_1_32' title="bbox 119 2388 948 2464; baseline 0.011 -22"><span class='ocrx_word' id='word_1_228' title='bbox 119 2390 200 2442; x_wconf 88' lang='lat' dir='ltr'><strong>Iratis</strong></span> <span class='ocrx_word' id='word_1_229' title='bbox 212 2388 347 2454; x_wconf 83' lang='lat' dir='ltr'><strong>praeibus;</strong></span> <span class='ocrx_word' id='word_1_230' title='bbox 366 2392 380 2416; x_wconf 90' lang='lat'><strong><em>“</em></strong></span> <span class='ocrx_word' id='word_1_231' title='bbox 388 2396 419 2442; x_wconf 83' lang='lat' dir='ltr'><strong>tu</strong></span> <span class='ocrx_word' id='word_1_232' title='bbox 432 2391 518 2458; x_wconf 83' lang='lat' dir='ltr'><strong>pulses</strong></span> <span class='ocrx_word' id='word_1_233' title='bbox 531 2409 607 2446; x_wconf 84' lang='lat' dir='ltr'><strong>omne</strong></span> <span class='ocrx_word' id='word_1_234' title='bbox 619 2394 689 2463; x_wconf 90' lang='lat' dir='ltr'><strong>quod</strong></span> <span class='ocrx_word' id='word_1_235' title='bbox 701 2395 795 2464; x_wconf 80' lang='lat' dir='ltr'><strong>obstat,</strong></span> <span class='ocrx_word' id='word_1_236' title='bbox 882 2408 919 2455; x_wconf 85' lang='lat'><strong>30</strong></span> <span class='ocrx_word' id='word_1_237' title='bbox 947 2393 948 2460; x_wconf 71' lang='lat' dir='ltr'><strong>i</strong></span> 
     </span>
     <span class='ocr_line' id='line_1_33' title="bbox 119 2455 755 2518; baseline 0.013 -9"><span class='ocrx_word' id='word_1_238' title='bbox 119 2456 162 2509; x_wconf 75' lang='lat' dir='ltr'><strong>Ad</strong></span> <span class='ocrx_word' id='word_1_239' title='bbox 174 2455 346 2506; x_wconf 66' lang='lat' dir='ltr'><strong>Memnonem</strong></span> <span class='ocrx_word' id='word_1_240' title='bbox 358 2460 468 2509; x_wconf 87' lang='lat' dir='ltr'><strong>memori</strong></span> <span class='ocrx_word' id='word_1_241' title='bbox 480 2460 501 2510; x_wconf 93' lang='lat' dir='ltr'><strong>si</strong></span> <span class='ocrx_word' id='word_1_242' title='bbox 513 2470 602 2514; x_wconf 88' lang='lat' dir='ltr'><strong>mente</strong></span> <span class='ocrx_word' id='word_1_243' title='bbox 613 2465 755 2518; x_wconf 85' lang='lat' dir='ltr'><strong>recurras.”</strong></span> 
     </span>
    </p>

    <p class='ocr_par' dir='ltr' id='par_1_20' title="bbox 121 2521 947 2668">
     <span class='ocr_line' id='line_1_34' title="bbox 121 2521 908 2604; baseline 0.029 -35"><span class='ocrx_word' id='word_1_244' title='bbox 121 2521 179 2572; x_wconf 87' lang='lat' dir='ltr'><strong>Hoo</strong></span> <span class='ocrx_word' id='word_1_245' title='bbox 186 2522 266 2587; x_wconf 83' lang='lat' dir='ltr'><strong>juvat</strong></span> <span class='ocrx_word' id='word_1_246' title='bbox 277 2525 304 2572; x_wconf 87' lang='lat' dir='ltr'><strong>et</strong></span> <span class='ocrx_word' id='word_1_247' title='bbox 314 2523 386 2604; x_wconf 73' lang='lat' dir='ltr'><strong>melli</strong></span> <span class='ocrx_word' id='word_1_248' title='bbox 393 2533 452 2604; x_wconf 34' lang='lat' dir='ltr'><strong>‘est;</strong></span> <span class='ocrx_word' id='word_1_249' title='bbox 469 2545 522 2581; x_wconf 87' lang='lat' dir='ltr'><strong>non</strong></span> <span class='ocrx_word' id='word_1_250' title='bbox 533 2532 654 2587; x_wconf 87' lang='lat' dir='ltr'><strong>mentiar.</strong></span> <span class='ocrx_word' id='word_1_251' title='bbox 689 2535 727 2588; x_wconf 85' lang='lat' dir='ltr'><strong>At</strong></span> <span class='ocrx_word' id='word_1_252' title='bbox 739 2535 818 2590; x_wconf 87' lang='lat' dir='ltr'><strong>simul</strong></span> <span class='ocrx_word' id='word_1_253' title='bbox 830 2543 908 2593; x_wconf 81' lang='lat' dir='ltr'><strong>atras</strong></span> 
     </span>
     <span class='ocr_line' id='line_1_35' title="bbox 121 2585 771 2668; baseline 0.023 -25"><span class='ocrx_word' id='word_1_254' title='bbox 121 2585 238 2639; x_wconf 75' lang='lat' dir='ltr'><strong>Ventum</strong></span> <span class='ocrx_word' id='word_1_255' title='bbox 249 2592 289 2638; x_wconf 68' lang='lat' dir='ltr'><strong>eti</strong></span> <span class='ocrx_word' id='word_1_256' title='bbox 300 2587 436 2659; x_wconf 73' lang='lat' dir='ltr'><strong>Esquilias,</strong></span> <span class='ocrx_word' id='word_1_257' title='bbox 448 2595 534 2650; x_wconf 85' lang='lat' dir='ltr'><strong>aliena</strong></span> <span class='ocrx_word' id='word_1_258' title='bbox 545 2602 651 2668; x_wconf 78' lang='lat' dir='ltr'><strong>negotia</strong></span> <span class='ocrx_word' id='word_1_259' title='bbox 663 2610 771 2658; x_wconf 89' lang='lat' dir='ltr'><strong>eentum</strong></span> 
     </span>
    </p>
   </div>
   <div class='ocr_carea' id='block_1_4' title="bbox 0 0 959 2886">
    <p class='ocr_par' dir='ltr' id='par_1_21' title="bbox 0 0 959 2886">
     <span class='ocr_line' id='line_1_36' title="bbox 0 0 959 2886; baseline 0 0"><span class='ocrx_word' id='word_1_260' title='bbox 0 0 959 2886; x_wconf 95' lang='lat' dir='ltr'><strong> </strong></span> 
     </span>
    </p>
   </div>
  </div>
 </body>
</html>
